
    <marc:record>
        <marc:leader>00824caa a22002177a 4500</marc:leader>
        <marc:controlfield tag="001">13898211</marc:controlfield>
        <marc:controlfield tag="003">SE-LIBR</marc:controlfield>
        <marc:controlfield tag="005">20181030230000.0</marc:controlfield>
        <marc:controlfield tag="008">130212s2012    xxu|||||||||||000 ||eng|c</marc:controlfield>
        <marc:datafield tag="040" ind1=" " ind2=" ">
            <marc:subfield code="a">G</marc:subfield>
            <marc:subfield code="e">a</marc:subfield>
        </marc:datafield>
        <marc:datafield tag="041" ind1=" " ind2=" ">
            <marc:subfield code="a">eng</marc:subfield>
        </marc:datafield>
        <marc:datafield tag="042" ind1=" " ind2=" ">
            <marc:subfield code="9">KVIN</marc:subfield>
        </marc:datafield>
        <marc:datafield tag="100" ind1="1" ind2=" ">
            <marc:subfield code="a">Geherin, David,</marc:subfield>
            <marc:subfield code="d">1943-</marc:subfield>
        </marc:datafield>
        <marc:datafield tag="245" ind1="1" ind2="0">
            <marc:subfield code="a">Karin Fossum</marc:subfield>
        </marc:datafield>
        <marc:datafield tag="264" ind1=" " ind2="1">
            <marc:subfield code="c">2012</marc:subfield>
        </marc:datafield>
        <marc:datafield tag="600" ind1="1" ind2="4">
            <marc:subfield code="a">Fossum, Karin,</marc:subfield>
            <marc:subfield code="d">1954-</marc:subfield>
            <marc:subfield code="0">https://libris.kb.se/ljx02h644sgwxnx#it</marc:subfield>
        </marc:datafield>
        <marc:datafield tag="650" ind1=" " ind2="7">
            <marc:subfield code="a">Detektivromaner</marc:subfield>
            <marc:subfield code="2">kao</marc:subfield>
        </marc:datafield>
        <marc:datafield tag="650" ind1=" " ind2="7">
            <marc:subfield code="a">Litteraturvetenskap</marc:subfield>
            <marc:subfield code="x">författare</marc:subfield>
            <marc:subfield code="z">Norge</marc:subfield>
            <marc:subfield code="y">1900-talet</marc:subfield>
            <marc:subfield code="y">2000-talet</marc:subfield>
            <marc:subfield code="2">kao</marc:subfield>
        </marc:datafield>
        <marc:datafield tag="650" ind1=" " ind2="7">
            <marc:subfield code="5">KVIN</marc:subfield>
            <marc:subfield code="a">Detective novels</marc:subfield>
            <marc:subfield code="2">kao//eng</marc:subfield>
        </marc:datafield>
        <marc:datafield tag="650" ind1=" " ind2="7">
            <marc:subfield code="5">KVIN</marc:subfield>
            <marc:subfield code="a">Literary studies</marc:subfield>
            <marc:subfield code="x">authors</marc:subfield>
            <marc:subfield code="z">Norway</marc:subfield>
            <marc:subfield code="y">20th century</marc:subfield>
            <marc:subfield code="y">21st century</marc:subfield>
            <marc:subfield code="2">kao//eng</marc:subfield>
        </marc:datafield>
        <marc:datafield tag="773" ind1="0" ind2="0">
            <marc:subfield code="a">Geherin, David,</marc:subfield>
            <marc:subfield code="t">The dragon tattoo and its long tail :    the new wave of European crime fiction in America /</marc:subfield>
            <marc:subfield code="d">c2012.</marc:subfield>
            <marc:subfield code="g">S. 42-59</marc:subfield>
            <marc:subfield code="z">0786461691 9780786461691</marc:subfield>
            <marc:subfield code="w">12642647</marc:subfield>
        </marc:datafield>
    </marc:record>