
    <marc:record>
        <marc:leader>02088cim a22004217a 4500</marc:leader>
        <marc:controlfield tag="001">17281407</marc:controlfield>
        <marc:controlfield tag="003">SE-LIBR</marc:controlfield>
        <marc:controlfield tag="005">20170516103858.0</marc:controlfield>
        <marc:controlfield tag="007">sd |||||||||||         </marc:controlfield>
        <marc:controlfield tag="008">141218s2015    sw nn||e|||||||f  | swe|c</marc:controlfield>
        <marc:datafield tag="024" ind1="7" ind2=" ">
            <marc:subfield code="a">CA18564</marc:subfield>
            <marc:subfield code="2">MTM medienummer</marc:subfield>
        </marc:datafield>
        <marc:datafield tag="035" ind1=" " ind2=" ">
            <marc:subfield code="a">(MTM)CA18564</marc:subfield>
        </marc:datafield>
        <marc:datafield tag="035" ind1=" " ind2=" ">
            <marc:subfield code="5">Mtm</marc:subfield>
            <marc:subfield code="a">(MTM)CA18564</marc:subfield>
        </marc:datafield>
        <marc:datafield tag="040" ind1=" " ind2=" ">
            <marc:subfield code="a">Mtm</marc:subfield>
            <marc:subfield code="e">a</marc:subfield>
        </marc:datafield>
        <marc:datafield tag="041" ind1="1" ind2=" ">
            <marc:subfield code="a">swe</marc:subfield>
            <marc:subfield code="h">nor</marc:subfield>
        </marc:datafield>
        <marc:datafield tag="042" ind1=" " ind2=" ">
            <marc:subfield code="9">Mtm</marc:subfield>
        </marc:datafield>
        <marc:datafield tag="046" ind1=" " ind2=" ">
            <marc:subfield code="a">m</marc:subfield>
            <marc:subfield code="m">20150108</marc:subfield>
            <marc:subfield code="n">20150309</marc:subfield>
        </marc:datafield>
        <marc:datafield tag="082" ind1="0" ind2="4">
            <marc:subfield code="a">839.823</marc:subfield>
            <marc:subfield code="2">22 (machine generated)</marc:subfield>
        </marc:datafield>
        <marc:datafield tag="084" ind1=" " ind2=" ">
            <marc:subfield code="a">Hcedb.01/TC</marc:subfield>
            <marc:subfield code="2">kssb/8</marc:subfield>
        </marc:datafield>
        <marc:datafield tag="084" ind1=" " ind2=" ">
            <marc:subfield code="a">Hcedb.01</marc:subfield>
            <marc:subfield code="2">kssb/8</marc:subfield>
        </marc:datafield>
        <marc:datafield tag="100" ind1="1" ind2=" ">
            <marc:subfield code="a">Fossum, Karin</marc:subfield>
        </marc:datafield>
        <marc:datafield tag="240" ind1="1" ind2="0">
            <marc:subfield code="a">Helvetesilden</marc:subfield>
            <marc:subfield code="l">Svenska</marc:subfield>
        </marc:datafield>
        <marc:datafield tag="245" ind1="1" ind2="0">
            <marc:subfield code="a">Helveteselden</marc:subfield>
            <marc:subfield code="h">[Ljudupptagning]</marc:subfield>
            <marc:subfield code="b">[en Konrad Sejer-deckare] /</marc:subfield>
            <marc:subfield code="c">Karin Fossum ; översättning: Margareta Järnebrand.</marc:subfield>
        </marc:datafield>
        <marc:datafield tag="264" ind1=" " ind2="1">
            <marc:subfield code="a">Johanneshov :</marc:subfield>
            <marc:subfield code="b">MTM,</marc:subfield>
            <marc:subfield code="c">2015</marc:subfield>
        </marc:datafield>
        <marc:datafield tag="300" ind1=" " ind2=" ">
            <marc:subfield code="a">1 CD-R (6 tim., 29 min.)</marc:subfield>
        </marc:datafield>
        <marc:datafield tag="500" ind1=" " ind2=" ">
            <marc:subfield code="a">Digital talbok (DAISY 2.02), ljud</marc:subfield>
        </marc:datafield>
        <marc:datafield tag="500" ind1=" " ind2=" ">
            <marc:subfield code="a">Inläst ur: Stockholm : Forum, 2015. ISBN 978-91-37-14397-2, 91-37-14397-2 (genererat)</marc:subfield>
        </marc:datafield>
        <marc:datafield tag="506" ind1="1" ind2=" ">
            <marc:subfield code="a">Tillgänglig för personer med läsnedsättning enligt § 17 Upphovsrättslagen</marc:subfield>
            <marc:subfield code="u">http://www.mtm.se/om-oss/uppdrag-och-lagar/upphovsrattslagen/</marc:subfield>
        </marc:datafield>
        <marc:datafield tag="520" ind1=" " ind2=" ">
            <marc:subfield code="a">Den tolfte kriminalromanen om kommissarie Konrad Sejer. En dag i början av juli hittas en kvinna och hennes femårige son brutalt mördade i en gammal husvagn, i en sänka intill en träddunge. På golvet bredvid ligger det blodiga mordvapnet, en kniv med långt blad. Kniven och ett blodigt fotavtryck är de enda spår som Sejer har. Han måste ta reda på varför kvinnan befann sig i husvagnen med sin son och motivet till morden</marc:subfield>
        </marc:datafield>
        <marc:datafield tag="538" ind1=" " ind2=" ">
            <marc:subfield code="a">Filstorlek: 178 MB</marc:subfield>
        </marc:datafield>
        <marc:datafield tag="599" ind1=" " ind2=" ">
            <marc:subfield code="a">MTM MarcRecordId: 209583</marc:subfield>
        </marc:datafield>
        <marc:datafield tag="599" ind1=" " ind2=" ">
            <marc:subfield code="5">Mtm</marc:subfield>
            <marc:subfield code="a">Posten ändrad i Legimus 20210419</marc:subfield>
        </marc:datafield>
        <marc:datafield tag="653" ind1=" " ind2=" ">
            <marc:subfield code="a">Deckare</marc:subfield>
        </marc:datafield>
        <marc:datafield tag="655" ind1=" " ind2="4">
            <marc:subfield code="a">DAISY</marc:subfield>
        </marc:datafield>
        <marc:datafield tag="700" ind1="1" ind2=" ">
            <marc:subfield code="a">Svensson, Johan</marc:subfield>
            <marc:subfield code="4">nrt</marc:subfield>
        </marc:datafield>
        <marc:datafield tag="700" ind1="1" ind2=" ">
            <marc:subfield code="a">Järnebrand, Margareta,</marc:subfield>
            <marc:subfield code="d">1947-</marc:subfield>
            <marc:subfield code="4">trl</marc:subfield>
            <marc:subfield code="0">https://libris.kb.se/64jlpf5q0dvf281#it</marc:subfield>
        </marc:datafield>
        <marc:datafield tag="776" ind1="0" ind2="8">
            <marc:subfield code="i">Inläst ur</marc:subfield>
            <marc:subfield code="t">Helveteselden</marc:subfield>
            <marc:subfield code="z">9789137143972</marc:subfield>
        </marc:datafield>
        <marc:datafield tag="856" ind1="4" ind2="0">
            <marc:subfield code="5">Mtm</marc:subfield>
            <marc:subfield code="u">http://www.legimus.se/work/redirect?MedieNr=CA18564</marc:subfield>
            <marc:subfield code="z">Ladda ner. Tillgänglig för personer med läsnedsättning enligt § 17 Upphovsrättslagen</marc:subfield>
        </marc:datafield>
    </marc:record>