
    <marc:record>
        <marc:leader>01957nam a22004097a 4500</marc:leader>
        <marc:controlfield tag="001">r5q70g16pr16xc7k</marc:controlfield>
        <marc:controlfield tag="003">SE-LIBR</marc:controlfield>
        <marc:controlfield tag="005">20210427084200.0</marc:controlfield>
        <marc:controlfield tag="007">fb |||||||             </marc:controlfield>
        <marc:controlfield tag="008">210427s2001    sw ||||ef|||||000 f|swe|c</marc:controlfield>
        <marc:datafield tag="024" ind1="7" ind2=" ">
            <marc:subfield code="a">P16817</marc:subfield>
            <marc:subfield code="2">MTM medienummer</marc:subfield>
        </marc:datafield>
        <marc:datafield tag="035" ind1=" " ind2=" ">
            <marc:subfield code="a">(MTM)P16817</marc:subfield>
        </marc:datafield>
        <marc:datafield tag="035" ind1=" " ind2=" ">
            <marc:subfield code="5">Mtm</marc:subfield>
            <marc:subfield code="a">(MTM)P16817</marc:subfield>
        </marc:datafield>
        <marc:datafield tag="040" ind1=" " ind2=" ">
            <marc:subfield code="a">SEK</marc:subfield>
            <marc:subfield code="e">a</marc:subfield>
        </marc:datafield>
        <marc:datafield tag="041" ind1="1" ind2=" ">
            <marc:subfield code="a">swe</marc:subfield>
            <marc:subfield code="h">nor</marc:subfield>
        </marc:datafield>
        <marc:datafield tag="042" ind1=" " ind2=" ">
            <marc:subfield code="9">Mtm</marc:subfield>
        </marc:datafield>
        <marc:datafield tag="046" ind1=" " ind2=" ">
            <marc:subfield code="a">m</marc:subfield>
            <marc:subfield code="m">20111004</marc:subfield>
            <marc:subfield code="n">20111203</marc:subfield>
        </marc:datafield>
        <marc:datafield tag="082" ind1="0" ind2="4">
            <marc:subfield code="a">839.823</marc:subfield>
            <marc:subfield code="2">22 (machine generated)</marc:subfield>
        </marc:datafield>
        <marc:datafield tag="084" ind1=" " ind2=" ">
            <marc:subfield code="a">Hcedb.01/P</marc:subfield>
            <marc:subfield code="2">kssb/8</marc:subfield>
        </marc:datafield>
        <marc:datafield tag="100" ind1="1" ind2=" ">
            <marc:subfield code="a">Fossum, Karin</marc:subfield>
        </marc:datafield>
        <marc:datafield tag="245" ind1="1" ind2="3">
            <marc:subfield code="a">De galnas hus</marc:subfield>
            <marc:subfield code="h">[Punktskrift] /</marc:subfield>
            <marc:subfield code="c">Karin Fossum ; översättning: Helena och Ulf Örnkloo.</marc:subfield>
        </marc:datafield>
        <marc:datafield tag="264" ind1=" " ind2="1">
            <marc:subfield code="a">Enskede :</marc:subfield>
            <marc:subfield code="b">TPB,</marc:subfield>
            <marc:subfield code="c">2001</marc:subfield>
        </marc:datafield>
        <marc:datafield tag="300" ind1=" " ind2=" ">
            <marc:subfield code="a">9 vol. (820 s. tryckt punktskrift)</marc:subfield>
        </marc:datafield>
        <marc:datafield tag="336" ind1=" " ind2=" ">
            <marc:subfield code="a">tactile text</marc:subfield>
            <marc:subfield code="b">tct</marc:subfield>
            <marc:subfield code="2">rdacontent</marc:subfield>
        </marc:datafield>
        <marc:datafield tag="337" ind1=" " ind2=" ">
            <marc:subfield code="a">unmediated</marc:subfield>
            <marc:subfield code="b">n</marc:subfield>
            <marc:subfield code="2">rdamedia</marc:subfield>
        </marc:datafield>
        <marc:datafield tag="338" ind1=" " ind2=" ">
            <marc:subfield code="a">Punktskrift</marc:subfield>
            <marc:subfield code="a">volume</marc:subfield>
            <marc:subfield code="b">b</marc:subfield>
            <marc:subfield code="b">nc</marc:subfield>
            <marc:subfield code="2">rdacarrier</marc:subfield>
            <marc:subfield code="2">rdacarrier</marc:subfield>
        </marc:datafield>
        <marc:datafield tag="500" ind1=" " ind2=" ">
            <marc:subfield code="a">Kopierad från: Stockholm : Forum, 2001</marc:subfield>
        </marc:datafield>
        <marc:datafield tag="500" ind1=" " ind2=" ">
            <marc:subfield code="a">Fullskrift</marc:subfield>
        </marc:datafield>
        <marc:datafield tag="506" ind1="1" ind2=" ">
            <marc:subfield code="a">Tillgänglig för personer med läsnedsättning enligt § 17 Upphovsrättslagen</marc:subfield>
            <marc:subfield code="u">http://www.mtm.se/om-oss/uppdrag-och-lagar/upphovsrattslagen/</marc:subfield>
        </marc:datafield>
        <marc:datafield tag="520" ind1=" " ind2=" ">
            <marc:subfield code="a">Hajna, 24 år, är intagen på ett mentalsjukhus, sedan hon kastat sig ut genom ett skyltfönster. Hon orkar inte leva upp till omvärldens krav på henne, utan vill bara dö och slutar därför att äta. Trovärdig skildring av patienter och personal på ett mentalsjukhus 1978. Trots den tragiska grundtonen är romanen hoppingivande. K.F., 1954- , norsk förf., känd bl.a. för sina detektivromaner. Kopierad från Forum, 2001</marc:subfield>
        </marc:datafield>
        <marc:datafield tag="599" ind1=" " ind2=" ">
            <marc:subfield code="a">MTM MarcRecordId: 21459</marc:subfield>
        </marc:datafield>
        <marc:datafield tag="599" ind1=" " ind2=" ">
            <marc:subfield code="5">Mtm</marc:subfield>
            <marc:subfield code="a">Posten ändrad i Legimus 20210419</marc:subfield>
        </marc:datafield>
        <marc:datafield tag="653" ind1=" " ind2=" ">
            <marc:subfield code="a">Funktionsnedsättning</marc:subfield>
        </marc:datafield>
        <marc:datafield tag="653" ind1=" " ind2=" ">
            <marc:subfield code="a">Sjukhusromaner</marc:subfield>
        </marc:datafield>
        <marc:datafield tag="653" ind1=" " ind2=" ">
            <marc:subfield code="a">Utvecklingsromaner</marc:subfield>
        </marc:datafield>
        <marc:datafield tag="776" ind1="0" ind2="8">
            <marc:subfield code="i">Kopierad från</marc:subfield>
            <marc:subfield code="t">De galnas hus</marc:subfield>
        </marc:datafield>
        <marc:datafield tag="856" ind1="4" ind2="0">
            <marc:subfield code="5">Mtm</marc:subfield>
            <marc:subfield code="u">http://www.legimus.se/work/redirect?MedieNr=P16817</marc:subfield>
            <marc:subfield code="z">Ladda ner. Tillgänglig för personer med läsnedsättning enligt § 17 Upphovsrättslagen</marc:subfield>
        </marc:datafield>
    </marc:record>