
    <marc:record>
        <marc:leader>02126cim a22004217a 4500</marc:leader>
        <marc:controlfield tag="001">11525388</marc:controlfield>
        <marc:controlfield tag="003">SE-LIBR</marc:controlfield>
        <marc:controlfield tag="005">20170512121020.0</marc:controlfield>
        <marc:controlfield tag="007">sd |||||||||||         </marc:controlfield>
        <marc:controlfield tag="008">090727s2006    sw nn||e|||||||f  | swe|c</marc:controlfield>
        <marc:datafield tag="024" ind1="7" ind2=" ">
            <marc:subfield code="a">C57570</marc:subfield>
            <marc:subfield code="2">MTM medienummer</marc:subfield>
        </marc:datafield>
        <marc:datafield tag="035" ind1=" " ind2=" ">
            <marc:subfield code="a">(MTM)C57570</marc:subfield>
        </marc:datafield>
        <marc:datafield tag="035" ind1=" " ind2=" ">
            <marc:subfield code="5">Mtm</marc:subfield>
            <marc:subfield code="a">(MTM)C57570</marc:subfield>
        </marc:datafield>
        <marc:datafield tag="040" ind1=" " ind2=" ">
            <marc:subfield code="a">Mtm</marc:subfield>
            <marc:subfield code="e">a</marc:subfield>
        </marc:datafield>
        <marc:datafield tag="041" ind1="1" ind2=" ">
            <marc:subfield code="a">swe</marc:subfield>
            <marc:subfield code="h">nor</marc:subfield>
        </marc:datafield>
        <marc:datafield tag="042" ind1=" " ind2=" ">
            <marc:subfield code="9">Mtm</marc:subfield>
        </marc:datafield>
        <marc:datafield tag="046" ind1=" " ind2=" ">
            <marc:subfield code="a">m</marc:subfield>
            <marc:subfield code="m">20000101</marc:subfield>
            <marc:subfield code="n">20000301</marc:subfield>
        </marc:datafield>
        <marc:datafield tag="082" ind1="0" ind2="4">
            <marc:subfield code="a">839.823</marc:subfield>
            <marc:subfield code="2">22 (machine generated)</marc:subfield>
        </marc:datafield>
        <marc:datafield tag="084" ind1=" " ind2=" ">
            <marc:subfield code="a">Hcedb.01/TC</marc:subfield>
            <marc:subfield code="2">kssb/8</marc:subfield>
        </marc:datafield>
        <marc:datafield tag="084" ind1=" " ind2=" ">
            <marc:subfield code="a">Hcedb.01</marc:subfield>
            <marc:subfield code="2">kssb/8</marc:subfield>
        </marc:datafield>
        <marc:datafield tag="100" ind1="1" ind2=" ">
            <marc:subfield code="a">Fossum, Karin</marc:subfield>
        </marc:datafield>
        <marc:datafield tag="240" ind1="1" ind2="0">
            <marc:subfield code="a">Natt til fjerde november</marc:subfield>
            <marc:subfield code="l">Svenska</marc:subfield>
        </marc:datafield>
        <marc:datafield tag="245" ind1="1" ind2="0">
            <marc:subfield code="a">Natt till den fjärde november</marc:subfield>
            <marc:subfield code="h">[Ljudupptagning] /</marc:subfield>
            <marc:subfield code="c">Karin Fossum ; översättning: Helena och Ulf Örnkloo.</marc:subfield>
        </marc:datafield>
        <marc:datafield tag="250" ind1=" " ind2=" ">
            <marc:subfield code="a">[Ny utg.]</marc:subfield>
        </marc:datafield>
        <marc:datafield tag="264" ind1=" " ind2="1">
            <marc:subfield code="a">Enskede :</marc:subfield>
            <marc:subfield code="b">TPB,</marc:subfield>
            <marc:subfield code="c">2006</marc:subfield>
        </marc:datafield>
        <marc:datafield tag="300" ind1=" " ind2=" ">
            <marc:subfield code="a">1 CD-R (7 tim., 10 min.)</marc:subfield>
            <marc:subfield code="b">mono</marc:subfield>
        </marc:datafield>
        <marc:datafield tag="500" ind1=" " ind2=" ">
            <marc:subfield code="a">Digital talbok (DAISY 2.02), ljud</marc:subfield>
        </marc:datafield>
        <marc:datafield tag="500" ind1=" " ind2=" ">
            <marc:subfield code="a">Inläst ur: Stockholm : Forum, 2004</marc:subfield>
        </marc:datafield>
        <marc:datafield tag="506" ind1="1" ind2=" ">
            <marc:subfield code="a">Tillgänglig för personer med läsnedsättning enligt § 17 Upphovsrättslagen</marc:subfield>
            <marc:subfield code="u">http://www.mtm.se/om-oss/uppdrag-och-lagar/upphovsrattslagen/</marc:subfield>
        </marc:datafield>
        <marc:datafield tag="520" ind1=" " ind2=" ">
            <marc:subfield code="a">Natten till den fjärde november försvinner den sjuttonåriga Jonna från sitt hem. Månaderna går, inga fynd görs som leder till att hon återfinns. Föräldrarna, Magnhild och Jon, lever i total ovisshet om vad som hänt deras dotter. De bryts sakta ner, säras från varandra och dras in i en förlamande ensamhet. Intensivt kammarspel om hur ovisshetens vånda kan drabba människor, men också hur sorgen kan ge upphov till förändring. Inläst ur Forum, 2004</marc:subfield>
        </marc:datafield>
        <marc:datafield tag="599" ind1=" " ind2=" ">
            <marc:subfield code="a">MTM MarcRecordId: 122322</marc:subfield>
        </marc:datafield>
        <marc:datafield tag="599" ind1=" " ind2=" ">
            <marc:subfield code="5">Mtm</marc:subfield>
            <marc:subfield code="a">Posten ändrad i Legimus 20210419</marc:subfield>
        </marc:datafield>
        <marc:datafield tag="655" ind1=" " ind2="4">
            <marc:subfield code="a">DAISY</marc:subfield>
        </marc:datafield>
        <marc:datafield tag="700" ind1="1" ind2=" ">
            <marc:subfield code="a">Andersson, Kerstin</marc:subfield>
            <marc:subfield code="4">nrt</marc:subfield>
        </marc:datafield>
        <marc:datafield tag="700" ind1="1" ind2=" ">
            <marc:subfield code="a">Örnkloo, Helena,</marc:subfield>
            <marc:subfield code="d">1973-</marc:subfield>
            <marc:subfield code="4">trl</marc:subfield>
            <marc:subfield code="0">https://libris.kb.se/fcrv3fxz0fbg010#it</marc:subfield>
        </marc:datafield>
        <marc:datafield tag="700" ind1="1" ind2=" ">
            <marc:subfield code="a">Örnkloo, Ulf,</marc:subfield>
            <marc:subfield code="d">1934-2016</marc:subfield>
            <marc:subfield code="4">trl</marc:subfield>
            <marc:subfield code="0">https://libris.kb.se/jgvxzj623qtzqsj#it</marc:subfield>
        </marc:datafield>
        <marc:datafield tag="776" ind1="0" ind2="8">
            <marc:subfield code="i">Inläst ur</marc:subfield>
            <marc:subfield code="t">Natt till den fjärde november</marc:subfield>
        </marc:datafield>
        <marc:datafield tag="856" ind1="4" ind2="0">
            <marc:subfield code="5">Mtm</marc:subfield>
            <marc:subfield code="u">http://www.legimus.se/work/redirect?MedieNr=C57570</marc:subfield>
            <marc:subfield code="z">Ladda ner. Tillgänglig för personer med läsnedsättning enligt § 17 Upphovsrättslagen</marc:subfield>
        </marc:datafield>
    </marc:record>