
    <marc:record>
        <marc:leader>00679nam a22002413a 4500</marc:leader>
        <marc:controlfield tag="001">l1gf79vsj0vh9fg3</marc:controlfield>
        <marc:controlfield tag="003">SE-LIBR</marc:controlfield>
        <marc:controlfield tag="005">20220824120900.0</marc:controlfield>
        <marc:controlfield tag="008">220824s2002    it ||||g||||||000 f|ita|d</marc:controlfield>
        <marc:datafield tag="020" ind1=" " ind2=" ">
            <marc:subfield code="a">8876846948</marc:subfield>
        </marc:datafield>
        <marc:datafield tag="020" ind1=" " ind2=" ">
            <marc:subfield code="a">9788876846946</marc:subfield>
        </marc:datafield>
        <marc:datafield tag="035" ind1=" " ind2=" ">
            <marc:subfield code="a">BTJ45344094F</marc:subfield>
        </marc:datafield>
        <marc:datafield tag="035" ind1=" " ind2=" ">
            <marc:subfield code="5">Mlc</marc:subfield>
            <marc:subfield code="a">BTJ45344094F</marc:subfield>
        </marc:datafield>
        <marc:datafield tag="040" ind1=" " ind2=" ">
            <marc:subfield code="a">SEK</marc:subfield>
            <marc:subfield code="e">a</marc:subfield>
        </marc:datafield>
        <marc:datafield tag="041" ind1="1" ind2=" ">
            <marc:subfield code="a">ita</marc:subfield>
            <marc:subfield code="h">nor</marc:subfield>
        </marc:datafield>
        <marc:datafield tag="082" ind1="0" ind2="4">
            <marc:subfield code="a">850</marc:subfield>
            <marc:subfield code="2">22 (machine generated)</marc:subfield>
        </marc:datafield>
        <marc:datafield tag="084" ind1=" " ind2=" ">
            <marc:subfield code="a">Hiedb.01</marc:subfield>
            <marc:subfield code="2">kssb/8</marc:subfield>
        </marc:datafield>
        <marc:datafield tag="100" ind1="1" ind2=" ">
            <marc:subfield code="a">Fossum, Karin.</marc:subfield>
        </marc:datafield>
        <marc:datafield tag="240" ind1="1" ind2="0">
            <marc:subfield code="a">Se deg ikke tilbake!.</marc:subfield>
            <marc:subfield code="l">Italienska</marc:subfield>
        </marc:datafield>
        <marc:datafield tag="245" ind1="1" ind2="3">
            <marc:subfield code="a">Lo sguardo di uno sconosciuto /</marc:subfield>
            <marc:subfield code="c">Karin Fossum ; traduzione di Pierina M. Marocco.</marc:subfield>
        </marc:datafield>
        <marc:datafield tag="264" ind1=" " ind2="1">
            <marc:subfield code="c">2002</marc:subfield>
        </marc:datafield>
        <marc:datafield tag="264" ind1=" " ind2="1">
            <marc:subfield code="b">Frassinelli</marc:subfield>
        </marc:datafield>
        <marc:datafield tag="500" ind1=" " ind2=" ">
            <marc:subfield code="a">Första italienska upplaga 2002.</marc:subfield>
        </marc:datafield>
    </marc:record>