
    <marc:record>
        <marc:leader>01508cam a22002418i 4500</marc:leader>
        <marc:controlfield tag="001">4g87z0x62dqc791m</marc:controlfield>
        <marc:controlfield tag="003">SE-LIBR</marc:controlfield>
        <marc:controlfield tag="005">20220628080120.0</marc:controlfield>
        <marc:controlfield tag="007">cr |||   |||||         </marc:controlfield>
        <marc:controlfield tag="008">200116s2014    xx |||||o|||||000 1|fin|d</marc:controlfield>
        <marc:datafield tag="020" ind1=" " ind2=" ">
            <marc:subfield code="a">9789510406205</marc:subfield>
            <marc:subfield code="q">EPUB</marc:subfield>
        </marc:datafield>
        <marc:datafield tag="035" ind1=" " ind2=" ">
            <marc:subfield code="a">(BOKR)9789510406205</marc:subfield>
        </marc:datafield>
        <marc:datafield tag="040" ind1=" " ind2=" ">
            <marc:subfield code="a">BOKR</marc:subfield>
            <marc:subfield code="e">i</marc:subfield>
        </marc:datafield>
        <marc:datafield tag="041" ind1="1" ind2=" ">
            <marc:subfield code="a">fin</marc:subfield>
            <marc:subfield code="h">nor</marc:subfield>
        </marc:datafield>
        <marc:datafield tag="100" ind1="1" ind2=" ">
            <marc:subfield code="a">Fossum, Karin</marc:subfield>
            <marc:subfield code="4">aut</marc:subfield>
        </marc:datafield>
        <marc:datafield tag="240" ind1="1" ind2="0">
            <marc:subfield code="a">Carmen Zita og døden</marc:subfield>
            <marc:subfield code="l">Finska</marc:subfield>
        </marc:datafield>
        <marc:datafield tag="245" ind1="1" ind2="0">
            <marc:subfield code="a">Carmen Zita ja kuolema</marc:subfield>
        </marc:datafield>
        <marc:datafield tag="263" ind1=" " ind2=" ">
            <marc:subfield code="a">201405</marc:subfield>
        </marc:datafield>
        <marc:datafield tag="264" ind1=" " ind2="1">
            <marc:subfield code="b">WSOY,</marc:subfield>
            <marc:subfield code="c">2014</marc:subfield>
        </marc:datafield>
        <marc:datafield tag="520" ind1=" " ind2=" ">
            <marc:subfield code="a">Pimeän ihmismielen hyytävän tarkka läpivalaisu. Karin Fossumin kirjoissa ei ole yksiulotteisen pahoja ihmisiä. On vain epäsuotuisia ja onnettomia olosuhteita, ja mahdollinen lapsensurma. Hieman alle puolitoistavuotias Tommy on hukkunut pihalampeen. Komisario Konrad Sejerin oikea käsi, Jacob Skarre, ei niele onnettomuusselityksiä. Hänen epäilyksensä herättää nuoren äidin, 19-vuotiaan Carmenin ristiriitainen käytös. Ruumiinavauksessa pikku-Tommyn keuhkoista löytyykin saippuavettä. Lukija viedään sisään Carmenin maailmaan tämän päiväkirjojen välityksellä. Niiden sivuilta löytyy tunteeton sosiopaatti, joka pyörittää lähipiiriään suvereenisti. Karin Fossum (s. 1954) on palkittu norjalainen rikoskirjailija, jonka teoksia on käännetty kymmenille kielille.</marc:subfield>
        </marc:datafield>
        <marc:datafield tag="599" ind1=" " ind2=" ">
            <marc:subfield code="a">Maskinellt genererad post. Ändra kod för fullständighetsnivå (leader/17), annars kommer manuellt gjorda ändringar att försvinna.</marc:subfield>
        </marc:datafield>
        <marc:datafield tag="655" ind1=" " ind2="4">
            <marc:subfield code="a">E-böcker</marc:subfield>
        </marc:datafield>
        <marc:datafield tag="700" ind1="1" ind2=" ">
            <marc:subfield code="a">Teva, Tarja</marc:subfield>
            <marc:subfield code="4">trl</marc:subfield>
        </marc:datafield>
    </marc:record>