
    <marc:record>
        <marc:leader>13910cam a22028213a 4500</marc:leader>
        <marc:controlfield tag="001">17225042</marc:controlfield>
        <marc:controlfield tag="003">SE-LIBR</marc:controlfield>
        <marc:controlfield tag="005">20160906162201.0</marc:controlfield>
        <marc:controlfield tag="007">cr |||   |||||         </marc:controlfield>
        <marc:controlfield tag="008">141206s2015    sw |||||o|||||000 f|swe|d</marc:controlfield>
        <marc:datafield tag="020" ind1=" " ind2=" ">
            <marc:subfield code="a">9789137144764</marc:subfield>
        </marc:datafield>
        <marc:datafield tag="024" ind1="7" ind2=" ">
            <marc:subfield code="5">Alve</marc:subfield>
            <marc:subfield code="a">1028093</marc:subfield>
            <marc:subfield code="2">Distributör: Elib</marc:subfield>
        </marc:datafield>
        <marc:datafield tag="024" ind1="7" ind2=" ">
            <marc:subfield code="5">Arlo</marc:subfield>
            <marc:subfield code="a">1028093</marc:subfield>
            <marc:subfield code="2">Distributör: Elib</marc:subfield>
        </marc:datafield>
        <marc:datafield tag="024" ind1="7" ind2=" ">
            <marc:subfield code="5">BinE</marc:subfield>
            <marc:subfield code="a">1028093</marc:subfield>
            <marc:subfield code="2">Distributör: Elib</marc:subfield>
        </marc:datafield>
        <marc:datafield tag="024" ind1="7" ind2=" ">
            <marc:subfield code="5">Biv</marc:subfield>
            <marc:subfield code="a">1028093</marc:subfield>
            <marc:subfield code="2">Distributör: Elib</marc:subfield>
        </marc:datafield>
        <marc:datafield tag="024" ind1="7" ind2=" ">
            <marc:subfield code="5">Dand</marc:subfield>
            <marc:subfield code="a">1028093</marc:subfield>
            <marc:subfield code="2">Distributör: Elib</marc:subfield>
        </marc:datafield>
        <marc:datafield tag="024" ind1="7" ind2=" ">
            <marc:subfield code="5">Eble</marc:subfield>
            <marc:subfield code="a">1028093</marc:subfield>
            <marc:subfield code="2">Distributör: Elib</marc:subfield>
        </marc:datafield>
        <marc:datafield tag="024" ind1="7" ind2=" ">
            <marc:subfield code="5">Elib</marc:subfield>
            <marc:subfield code="a">1028093</marc:subfield>
            <marc:subfield code="2">Distributör: Elib</marc:subfield>
        </marc:datafield>
        <marc:datafield tag="024" ind1="7" ind2=" ">
            <marc:subfield code="5">Es1</marc:subfield>
            <marc:subfield code="a">1028093</marc:subfield>
            <marc:subfield code="2">Distributör: Elib</marc:subfield>
        </marc:datafield>
        <marc:datafield tag="024" ind1="7" ind2=" ">
            <marc:subfield code="5">Eslo</marc:subfield>
            <marc:subfield code="a">1028093</marc:subfield>
            <marc:subfield code="2">Distributör: Elib</marc:subfield>
        </marc:datafield>
        <marc:datafield tag="024" ind1="7" ind2=" ">
            <marc:subfield code="5">Esno</marc:subfield>
            <marc:subfield code="a">1028093</marc:subfield>
            <marc:subfield code="2">Distributör: Elib</marc:subfield>
        </marc:datafield>
        <marc:datafield tag="024" ind1="7" ind2=" ">
            <marc:subfield code="5">Esod</marc:subfield>
            <marc:subfield code="a">1028093</marc:subfield>
            <marc:subfield code="2">Distributör: Elib</marc:subfield>
        </marc:datafield>
        <marc:datafield tag="024" ind1="7" ind2=" ">
            <marc:subfield code="5">Esso</marc:subfield>
            <marc:subfield code="a">1028093</marc:subfield>
            <marc:subfield code="2">Distributör: Elib</marc:subfield>
        </marc:datafield>
        <marc:datafield tag="024" ind1="7" ind2=" ">
            <marc:subfield code="5">Fab</marc:subfield>
            <marc:subfield code="a">1028093</marc:subfield>
            <marc:subfield code="2">Distributör: Elib</marc:subfield>
        </marc:datafield>
        <marc:datafield tag="024" ind1="7" ind2=" ">
            <marc:subfield code="5">Gnes</marc:subfield>
            <marc:subfield code="a">1028093</marc:subfield>
            <marc:subfield code="2">Distributör: Elib</marc:subfield>
        </marc:datafield>
        <marc:datafield tag="024" ind1="7" ind2=" ">
            <marc:subfield code="5">Gnos</marc:subfield>
            <marc:subfield code="a">1028093</marc:subfield>
            <marc:subfield code="2">Distributör: Elib</marc:subfield>
        </marc:datafield>
        <marc:datafield tag="024" ind1="7" ind2=" ">
            <marc:subfield code="5">Habo</marc:subfield>
            <marc:subfield code="a">1028093</marc:subfield>
            <marc:subfield code="2">Distributör: Elib</marc:subfield>
        </marc:datafield>
        <marc:datafield tag="024" ind1="7" ind2=" ">
            <marc:subfield code="5">Hamn</marc:subfield>
            <marc:subfield code="a">1028093</marc:subfield>
            <marc:subfield code="2">Distributör: Elib</marc:subfield>
        </marc:datafield>
        <marc:datafield tag="024" ind1="7" ind2=" ">
            <marc:subfield code="5">Harj</marc:subfield>
            <marc:subfield code="a">1028093</marc:subfield>
            <marc:subfield code="2">Distributör: Elib</marc:subfield>
        </marc:datafield>
        <marc:datafield tag="024" ind1="7" ind2=" ">
            <marc:subfield code="5">Hasb</marc:subfield>
            <marc:subfield code="a">1028093</marc:subfield>
            <marc:subfield code="2">Distributör: Elib</marc:subfield>
        </marc:datafield>
        <marc:datafield tag="024" ind1="7" ind2=" ">
            <marc:subfield code="5">Helg</marc:subfield>
            <marc:subfield code="a">1028093</marc:subfield>
            <marc:subfield code="2">Distributör: Elib</marc:subfield>
        </marc:datafield>
        <marc:datafield tag="024" ind1="7" ind2=" ">
            <marc:subfield code="5">HibE</marc:subfield>
            <marc:subfield code="a">1028093</marc:subfield>
            <marc:subfield code="2">Distributör: Elib</marc:subfield>
        </marc:datafield>
        <marc:datafield tag="024" ind1="7" ind2=" ">
            <marc:subfield code="5">Hoor</marc:subfield>
            <marc:subfield code="a">1028093</marc:subfield>
            <marc:subfield code="2">Distributör: Elib</marc:subfield>
        </marc:datafield>
        <marc:datafield tag="024" ind1="7" ind2=" ">
            <marc:subfield code="5">HsdE</marc:subfield>
            <marc:subfield code="a">1028093</marc:subfield>
            <marc:subfield code="2">Distributör: Elib</marc:subfield>
        </marc:datafield>
        <marc:datafield tag="024" ind1="7" ind2=" ">
            <marc:subfield code="5">Hudb</marc:subfield>
            <marc:subfield code="a">1028093</marc:subfield>
            <marc:subfield code="2">Distributör: Elib</marc:subfield>
        </marc:datafield>
        <marc:datafield tag="024" ind1="7" ind2=" ">
            <marc:subfield code="5">Jflb</marc:subfield>
            <marc:subfield code="a">1028093</marc:subfield>
            <marc:subfield code="2">Distributör: Elib</marc:subfield>
        </marc:datafield>
        <marc:datafield tag="024" ind1="7" ind2=" ">
            <marc:subfield code="5">Kas</marc:subfield>
            <marc:subfield code="a">1028093</marc:subfield>
            <marc:subfield code="2">Distributör: Elib</marc:subfield>
        </marc:datafield>
        <marc:datafield tag="024" ind1="7" ind2=" ">
            <marc:subfield code="5">Kavl</marc:subfield>
            <marc:subfield code="a">1028093</marc:subfield>
            <marc:subfield code="2">Distributör: Elib</marc:subfield>
        </marc:datafield>
        <marc:datafield tag="024" ind1="7" ind2=" ">
            <marc:subfield code="5">Kbb</marc:subfield>
            <marc:subfield code="a">1028093</marc:subfield>
            <marc:subfield code="2">Distributör: Elib</marc:subfield>
        </marc:datafield>
        <marc:datafield tag="024" ind1="7" ind2=" ">
            <marc:subfield code="5">Krkb</marc:subfield>
            <marc:subfield code="a">1028093</marc:subfield>
            <marc:subfield code="2">Distributör: Elib</marc:subfield>
        </marc:datafield>
        <marc:datafield tag="024" ind1="7" ind2=" ">
            <marc:subfield code="5">Kssb</marc:subfield>
            <marc:subfield code="a">1028093</marc:subfield>
            <marc:subfield code="2">Distributör: Elib</marc:subfield>
        </marc:datafield>
        <marc:datafield tag="024" ind1="7" ind2=" ">
            <marc:subfield code="5">Ld</marc:subfield>
            <marc:subfield code="a">1028093</marc:subfield>
            <marc:subfield code="2">Distributör: Elib</marc:subfield>
        </marc:datafield>
        <marc:datafield tag="024" ind1="7" ind2=" ">
            <marc:subfield code="5">Less</marc:subfield>
            <marc:subfield code="a">1028093</marc:subfield>
            <marc:subfield code="2">Distributör: Elib</marc:subfield>
        </marc:datafield>
        <marc:datafield tag="024" ind1="7" ind2=" ">
            <marc:subfield code="5">Lisb</marc:subfield>
            <marc:subfield code="a">1028093</marc:subfield>
            <marc:subfield code="2">Distributör: Elib</marc:subfield>
        </marc:datafield>
        <marc:datafield tag="024" ind1="7" ind2=" ">
            <marc:subfield code="5">Ljun</marc:subfield>
            <marc:subfield code="a">1028093</marc:subfield>
            <marc:subfield code="2">Distributör: Elib</marc:subfield>
        </marc:datafield>
        <marc:datafield tag="024" ind1="7" ind2=" ">
            <marc:subfield code="5">Lobj</marc:subfield>
            <marc:subfield code="a">1028093</marc:subfield>
            <marc:subfield code="2">Distributör: Elib</marc:subfield>
        </marc:datafield>
        <marc:datafield tag="024" ind1="7" ind2=" ">
            <marc:subfield code="5">Lvab</marc:subfield>
            <marc:subfield code="a">1028093</marc:subfield>
            <marc:subfield code="2">Distributör: Elib</marc:subfield>
        </marc:datafield>
        <marc:datafield tag="024" ind1="7" ind2=" ">
            <marc:subfield code="5">MoE</marc:subfield>
            <marc:subfield code="a">1028093</marc:subfield>
            <marc:subfield code="2">Distributör: Elib</marc:subfield>
        </marc:datafield>
        <marc:datafield tag="024" ind1="7" ind2=" ">
            <marc:subfield code="5">Moln</marc:subfield>
            <marc:subfield code="a">1028093</marc:subfield>
            <marc:subfield code="2">Distributör: Elib</marc:subfield>
        </marc:datafield>
        <marc:datafield tag="024" ind1="7" ind2=" ">
            <marc:subfield code="5">Munk</marc:subfield>
            <marc:subfield code="a">1028093</marc:subfield>
            <marc:subfield code="2">Distributör: Elib</marc:subfield>
        </marc:datafield>
        <marc:datafield tag="024" ind1="7" ind2=" ">
            <marc:subfield code="5">Nafd</marc:subfield>
            <marc:subfield code="a">1028093</marc:subfield>
            <marc:subfield code="2">Distributör: Elib</marc:subfield>
        </marc:datafield>
        <marc:datafield tag="024" ind1="7" ind2=" ">
            <marc:subfield code="5">Nass</marc:subfield>
            <marc:subfield code="a">1028093</marc:subfield>
            <marc:subfield code="2">Distributör: Elib</marc:subfield>
        </marc:datafield>
        <marc:datafield tag="024" ind1="7" ind2=" ">
            <marc:subfield code="5">Norr</marc:subfield>
            <marc:subfield code="a">1028093</marc:subfield>
            <marc:subfield code="2">Distributör: Elib</marc:subfield>
        </marc:datafield>
        <marc:datafield tag="024" ind1="7" ind2=" ">
            <marc:subfield code="5">Okb</marc:subfield>
            <marc:subfield code="a">1028093</marc:subfield>
            <marc:subfield code="2">Distributör: Elib</marc:subfield>
        </marc:datafield>
        <marc:datafield tag="024" ind1="7" ind2=" ">
            <marc:subfield code="5">Or1</marc:subfield>
            <marc:subfield code="a">1028093</marc:subfield>
            <marc:subfield code="2">Distributör: Elib</marc:subfield>
        </marc:datafield>
        <marc:datafield tag="024" ind1="7" ind2=" ">
            <marc:subfield code="5">Os</marc:subfield>
            <marc:subfield code="a">1028093</marc:subfield>
            <marc:subfield code="2">Distributör: Elib</marc:subfield>
        </marc:datafield>
        <marc:datafield tag="024" ind1="7" ind2=" ">
            <marc:subfield code="5">Oxel</marc:subfield>
            <marc:subfield code="a">1028093</marc:subfield>
            <marc:subfield code="2">Distributör: Elib</marc:subfield>
        </marc:datafield>
        <marc:datafield tag="024" ind1="7" ind2=" ">
            <marc:subfield code="5">Part</marc:subfield>
            <marc:subfield code="a">1028093</marc:subfield>
            <marc:subfield code="2">Distributör: Elib</marc:subfield>
        </marc:datafield>
        <marc:datafield tag="024" ind1="7" ind2=" ">
            <marc:subfield code="5">Skfb</marc:subfield>
            <marc:subfield code="a">1028093</marc:subfield>
            <marc:subfield code="2">Distributör: Elib</marc:subfield>
        </marc:datafield>
        <marc:datafield tag="024" ind1="7" ind2=" ">
            <marc:subfield code="5">Skkf</marc:subfield>
            <marc:subfield code="a">1028093</marc:subfield>
            <marc:subfield code="2">Distributör: Elib</marc:subfield>
        </marc:datafield>
        <marc:datafield tag="024" ind1="7" ind2=" ">
            <marc:subfield code="5">Sob</marc:subfield>
            <marc:subfield code="a">1028093</marc:subfield>
            <marc:subfield code="2">Distributör: Elib</marc:subfield>
        </marc:datafield>
        <marc:datafield tag="024" ind1="7" ind2=" ">
            <marc:subfield code="5">Solb</marc:subfield>
            <marc:subfield code="a">1028093</marc:subfield>
            <marc:subfield code="2">Distributör: Elib</marc:subfield>
        </marc:datafield>
        <marc:datafield tag="024" ind1="7" ind2=" ">
            <marc:subfield code="5">Soll</marc:subfield>
            <marc:subfield code="a">1028093</marc:subfield>
            <marc:subfield code="2">Distributör: Elib</marc:subfield>
        </marc:datafield>
        <marc:datafield tag="024" ind1="7" ind2=" ">
            <marc:subfield code="5">SsbE</marc:subfield>
            <marc:subfield code="a">1028093</marc:subfield>
            <marc:subfield code="2">Distributör: Elib</marc:subfield>
        </marc:datafield>
        <marc:datafield tag="024" ind1="7" ind2=" ">
            <marc:subfield code="5">Staf</marc:subfield>
            <marc:subfield code="a">1028093</marc:subfield>
            <marc:subfield code="2">Distributör: Elib</marc:subfield>
        </marc:datafield>
        <marc:datafield tag="024" ind1="7" ind2=" ">
            <marc:subfield code="5">Sten</marc:subfield>
            <marc:subfield code="a">1028093</marc:subfield>
            <marc:subfield code="2">Distributör: Elib</marc:subfield>
        </marc:datafield>
        <marc:datafield tag="024" ind1="7" ind2=" ">
            <marc:subfield code="5">Stra</marc:subfield>
            <marc:subfield code="a">1028093</marc:subfield>
            <marc:subfield code="2">Distributör: Elib</marc:subfield>
        </marc:datafield>
        <marc:datafield tag="024" ind1="7" ind2=" ">
            <marc:subfield code="5">Sund</marc:subfield>
            <marc:subfield code="a">1028093</marc:subfield>
            <marc:subfield code="2">Distributör: Elib</marc:subfield>
        </marc:datafield>
        <marc:datafield tag="024" ind1="7" ind2=" ">
            <marc:subfield code="5">Svl</marc:subfield>
            <marc:subfield code="a">1028093</marc:subfield>
            <marc:subfield code="2">Distributör: Elib</marc:subfield>
        </marc:datafield>
        <marc:datafield tag="024" ind1="7" ind2=" ">
            <marc:subfield code="5">Taby</marc:subfield>
            <marc:subfield code="a">1028093</marc:subfield>
            <marc:subfield code="2">Distributör: Elib</marc:subfield>
        </marc:datafield>
        <marc:datafield tag="024" ind1="7" ind2=" ">
            <marc:subfield code="5">Tanu</marc:subfield>
            <marc:subfield code="a">1028093</marc:subfield>
            <marc:subfield code="2">Distributör: Elib</marc:subfield>
        </marc:datafield>
        <marc:datafield tag="024" ind1="7" ind2=" ">
            <marc:subfield code="5">TimE</marc:subfield>
            <marc:subfield code="a">1028093</marc:subfield>
            <marc:subfield code="2">Distributör: Elib</marc:subfield>
        </marc:datafield>
        <marc:datafield tag="024" ind1="7" ind2=" ">
            <marc:subfield code="5">Tkb</marc:subfield>
            <marc:subfield code="a">1028093</marc:subfield>
            <marc:subfield code="2">Distributör: Elib</marc:subfield>
        </marc:datafield>
        <marc:datafield tag="024" ind1="7" ind2=" ">
            <marc:subfield code="5">Trel</marc:subfield>
            <marc:subfield code="a">1028093</marc:subfield>
            <marc:subfield code="2">Distributör: Elib</marc:subfield>
        </marc:datafield>
        <marc:datafield tag="024" ind1="7" ind2=" ">
            <marc:subfield code="5">Tykb</marc:subfield>
            <marc:subfield code="a">1028093</marc:subfield>
            <marc:subfield code="2">Distributör: Elib</marc:subfield>
        </marc:datafield>
        <marc:datafield tag="024" ind1="7" ind2=" ">
            <marc:subfield code="5">Udd</marc:subfield>
            <marc:subfield code="a">1028093</marc:subfield>
            <marc:subfield code="2">Distributör: Elib</marc:subfield>
        </marc:datafield>
        <marc:datafield tag="024" ind1="7" ind2=" ">
            <marc:subfield code="5">Um</marc:subfield>
            <marc:subfield code="a">1028093</marc:subfield>
            <marc:subfield code="2">Distributör: Elib</marc:subfield>
        </marc:datafield>
        <marc:datafield tag="024" ind1="7" ind2=" ">
            <marc:subfield code="5">Vane</marc:subfield>
            <marc:subfield code="a">1028093</marc:subfield>
            <marc:subfield code="2">Distributör: Elib</marc:subfield>
        </marc:datafield>
        <marc:datafield tag="024" ind1="7" ind2=" ">
            <marc:subfield code="5">Vaxh</marc:subfield>
            <marc:subfield code="a">1028093</marc:subfield>
            <marc:subfield code="2">Distributör: Elib</marc:subfield>
        </marc:datafield>
        <marc:datafield tag="024" ind1="7" ind2=" ">
            <marc:subfield code="5">Vell</marc:subfield>
            <marc:subfield code="a">1028093</marc:subfield>
            <marc:subfield code="2">Distributör: Elib</marc:subfield>
        </marc:datafield>
        <marc:datafield tag="024" ind1="7" ind2=" ">
            <marc:subfield code="5">Vlib</marc:subfield>
            <marc:subfield code="a">1028093</marc:subfield>
            <marc:subfield code="2">Distributör: Elib</marc:subfield>
        </marc:datafield>
        <marc:datafield tag="035" ind1=" " ind2=" ">
            <marc:subfield code="a">Elib1028093</marc:subfield>
        </marc:datafield>
        <marc:datafield tag="040" ind1=" " ind2=" ">
            <marc:subfield code="e">a</marc:subfield>
        </marc:datafield>
        <marc:datafield tag="041" ind1=" " ind2=" ">
            <marc:subfield code="a">swe</marc:subfield>
        </marc:datafield>
        <marc:datafield tag="100" ind1="1" ind2=" ">
            <marc:subfield code="a">Fossum, Karin</marc:subfield>
            <marc:subfield code="4">aut</marc:subfield>
        </marc:datafield>
        <marc:datafield tag="245" ind1="1" ind2="0">
            <marc:subfield code="a">Helveteselden</marc:subfield>
            <marc:subfield code="h">[Elektronisk resurs]</marc:subfield>
        </marc:datafield>
        <marc:datafield tag="264" ind1=" " ind2="1">
            <marc:subfield code="b">Bokförlaget Forum,</marc:subfield>
            <marc:subfield code="c">2015</marc:subfield>
        </marc:datafield>
        <marc:datafield tag="300" ind1=" " ind2=" ">
            <marc:subfield code="a">234 s.</marc:subfield>
        </marc:datafield>
        <marc:datafield tag="380" ind1=" " ind2=" ">
            <marc:subfield code="a">Deckare &amp; spänning</marc:subfield>
        </marc:datafield>
        <marc:datafield tag="500" ind1=" " ind2=" ">
            <marc:subfield code="5">Alve</marc:subfield>
            <marc:subfield code="a">Online epub (1.95 MB)</marc:subfield>
        </marc:datafield>
        <marc:datafield tag="500" ind1=" " ind2=" ">
            <marc:subfield code="5">Alve</marc:subfield>
            <marc:subfield code="a">Offline epub med Adobe-kryptering (1.95 MB)</marc:subfield>
        </marc:datafield>
        <marc:datafield tag="500" ind1=" " ind2=" ">
            <marc:subfield code="5">Arlo</marc:subfield>
            <marc:subfield code="a">Online epub (1.95 MB)</marc:subfield>
        </marc:datafield>
        <marc:datafield tag="500" ind1=" " ind2=" ">
            <marc:subfield code="5">Arlo</marc:subfield>
            <marc:subfield code="a">Offline epub med Adobe-kryptering (1.95 MB)</marc:subfield>
        </marc:datafield>
        <marc:datafield tag="500" ind1=" " ind2=" ">
            <marc:subfield code="5">BinE</marc:subfield>
            <marc:subfield code="a">Online epub (0.42 MB)</marc:subfield>
        </marc:datafield>
        <marc:datafield tag="500" ind1=" " ind2=" ">
            <marc:subfield code="5">BinE</marc:subfield>
            <marc:subfield code="a">Offline epub med Adobe-kryptering (0.42 MB)</marc:subfield>
        </marc:datafield>
        <marc:datafield tag="500" ind1=" " ind2=" ">
            <marc:subfield code="5">Biv</marc:subfield>
            <marc:subfield code="a">Online epub (0.42 MB)</marc:subfield>
        </marc:datafield>
        <marc:datafield tag="500" ind1=" " ind2=" ">
            <marc:subfield code="5">Biv</marc:subfield>
            <marc:subfield code="a">Offline epub med Adobe-kryptering (0.42 MB)</marc:subfield>
        </marc:datafield>
        <marc:datafield tag="500" ind1=" " ind2=" ">
            <marc:subfield code="5">Dand</marc:subfield>
            <marc:subfield code="a">Online epub (1.95 MB)</marc:subfield>
        </marc:datafield>
        <marc:datafield tag="500" ind1=" " ind2=" ">
            <marc:subfield code="5">Dand</marc:subfield>
            <marc:subfield code="a">Offline epub med Adobe-kryptering (1.95 MB)</marc:subfield>
        </marc:datafield>
        <marc:datafield tag="500" ind1=" " ind2=" ">
            <marc:subfield code="5">Eble</marc:subfield>
            <marc:subfield code="a">Online epub (1.95 MB)</marc:subfield>
        </marc:datafield>
        <marc:datafield tag="500" ind1=" " ind2=" ">
            <marc:subfield code="5">Eble</marc:subfield>
            <marc:subfield code="a">Offline epub med Adobe-kryptering (1.95 MB)</marc:subfield>
        </marc:datafield>
        <marc:datafield tag="500" ind1=" " ind2=" ">
            <marc:subfield code="5">Es1</marc:subfield>
            <marc:subfield code="a">Online epub (1.95 MB)</marc:subfield>
        </marc:datafield>
        <marc:datafield tag="500" ind1=" " ind2=" ">
            <marc:subfield code="5">Es1</marc:subfield>
            <marc:subfield code="a">Offline epub med Adobe-kryptering (1.95 MB)</marc:subfield>
        </marc:datafield>
        <marc:datafield tag="500" ind1=" " ind2=" ">
            <marc:subfield code="5">Eslo</marc:subfield>
            <marc:subfield code="a">Online epub (1.95 MB)</marc:subfield>
        </marc:datafield>
        <marc:datafield tag="500" ind1=" " ind2=" ">
            <marc:subfield code="5">Eslo</marc:subfield>
            <marc:subfield code="a">Offline epub med Adobe-kryptering (1.95 MB)</marc:subfield>
        </marc:datafield>
        <marc:datafield tag="500" ind1=" " ind2=" ">
            <marc:subfield code="5">Esno</marc:subfield>
            <marc:subfield code="a">Online epub (1.95 MB)</marc:subfield>
        </marc:datafield>
        <marc:datafield tag="500" ind1=" " ind2=" ">
            <marc:subfield code="5">Esno</marc:subfield>
            <marc:subfield code="a">Offline epub med Adobe-kryptering (1.95 MB)</marc:subfield>
        </marc:datafield>
        <marc:datafield tag="500" ind1=" " ind2=" ">
            <marc:subfield code="5">Esod</marc:subfield>
            <marc:subfield code="a">Online epub (1.95 MB)</marc:subfield>
        </marc:datafield>
        <marc:datafield tag="500" ind1=" " ind2=" ">
            <marc:subfield code="5">Esod</marc:subfield>
            <marc:subfield code="a">Offline epub med Adobe-kryptering (1.95 MB)</marc:subfield>
        </marc:datafield>
        <marc:datafield tag="500" ind1=" " ind2=" ">
            <marc:subfield code="5">Esso</marc:subfield>
            <marc:subfield code="a">Online epub (1.95 MB)</marc:subfield>
        </marc:datafield>
        <marc:datafield tag="500" ind1=" " ind2=" ">
            <marc:subfield code="5">Esso</marc:subfield>
            <marc:subfield code="a">Offline epub med Adobe-kryptering (1.95 MB)</marc:subfield>
        </marc:datafield>
        <marc:datafield tag="500" ind1=" " ind2=" ">
            <marc:subfield code="5">Fab</marc:subfield>
            <marc:subfield code="a">Online epub (1.95 MB)</marc:subfield>
        </marc:datafield>
        <marc:datafield tag="500" ind1=" " ind2=" ">
            <marc:subfield code="5">Fab</marc:subfield>
            <marc:subfield code="a">Offline epub med Adobe-kryptering (1.95 MB)</marc:subfield>
        </marc:datafield>
        <marc:datafield tag="500" ind1=" " ind2=" ">
            <marc:subfield code="5">Gnes</marc:subfield>
            <marc:subfield code="a">Online epub (0.42 MB)</marc:subfield>
        </marc:datafield>
        <marc:datafield tag="500" ind1=" " ind2=" ">
            <marc:subfield code="5">Gnes</marc:subfield>
            <marc:subfield code="a">Offline epub med Adobe-kryptering (0.42 MB)</marc:subfield>
        </marc:datafield>
        <marc:datafield tag="500" ind1=" " ind2=" ">
            <marc:subfield code="5">Gnos</marc:subfield>
            <marc:subfield code="a">Online epub (0.42 MB)</marc:subfield>
        </marc:datafield>
        <marc:datafield tag="500" ind1=" " ind2=" ">
            <marc:subfield code="5">Gnos</marc:subfield>
            <marc:subfield code="a">Offline epub med Adobe-kryptering (0.42 MB)</marc:subfield>
        </marc:datafield>
        <marc:datafield tag="500" ind1=" " ind2=" ">
            <marc:subfield code="5">Habo</marc:subfield>
            <marc:subfield code="a">Online epub (0.42 MB)</marc:subfield>
        </marc:datafield>
        <marc:datafield tag="500" ind1=" " ind2=" ">
            <marc:subfield code="5">Habo</marc:subfield>
            <marc:subfield code="a">Offline epub med Adobe-kryptering (0.42 MB)</marc:subfield>
        </marc:datafield>
        <marc:datafield tag="500" ind1=" " ind2=" ">
            <marc:subfield code="5">Hamn</marc:subfield>
            <marc:subfield code="a">Online epub (1.95 MB)</marc:subfield>
        </marc:datafield>
        <marc:datafield tag="500" ind1=" " ind2=" ">
            <marc:subfield code="5">Hamn</marc:subfield>
            <marc:subfield code="a">Offline epub med Adobe-kryptering (1.95 MB)</marc:subfield>
        </marc:datafield>
        <marc:datafield tag="500" ind1=" " ind2=" ">
            <marc:subfield code="5">Harj</marc:subfield>
            <marc:subfield code="a">Online epub (0.42 MB)</marc:subfield>
        </marc:datafield>
        <marc:datafield tag="500" ind1=" " ind2=" ">
            <marc:subfield code="5">Harj</marc:subfield>
            <marc:subfield code="a">Offline epub med Adobe-kryptering (0.42 MB)</marc:subfield>
        </marc:datafield>
        <marc:datafield tag="500" ind1=" " ind2=" ">
            <marc:subfield code="5">Hasb</marc:subfield>
            <marc:subfield code="a">Online epub (0.42 MB)</marc:subfield>
        </marc:datafield>
        <marc:datafield tag="500" ind1=" " ind2=" ">
            <marc:subfield code="5">Hasb</marc:subfield>
            <marc:subfield code="a">Offline epub med Adobe-kryptering (0.42 MB)</marc:subfield>
        </marc:datafield>
        <marc:datafield tag="500" ind1=" " ind2=" ">
            <marc:subfield code="5">Helg</marc:subfield>
            <marc:subfield code="a">Online epub (0.42 MB)</marc:subfield>
        </marc:datafield>
        <marc:datafield tag="500" ind1=" " ind2=" ">
            <marc:subfield code="5">Helg</marc:subfield>
            <marc:subfield code="a">Offline epub med Adobe-kryptering (0.42 MB)</marc:subfield>
        </marc:datafield>
        <marc:datafield tag="500" ind1=" " ind2=" ">
            <marc:subfield code="5">HibE</marc:subfield>
            <marc:subfield code="a">Online epub (0.42 MB)</marc:subfield>
        </marc:datafield>
        <marc:datafield tag="500" ind1=" " ind2=" ">
            <marc:subfield code="5">HibE</marc:subfield>
            <marc:subfield code="a">Offline epub med Adobe-kryptering (0.42 MB)</marc:subfield>
        </marc:datafield>
        <marc:datafield tag="500" ind1=" " ind2=" ">
            <marc:subfield code="5">Hoor</marc:subfield>
            <marc:subfield code="a">Online epub (1.95 MB)</marc:subfield>
        </marc:datafield>
        <marc:datafield tag="500" ind1=" " ind2=" ">
            <marc:subfield code="5">Hoor</marc:subfield>
            <marc:subfield code="a">Offline epub med Adobe-kryptering (1.95 MB)</marc:subfield>
        </marc:datafield>
        <marc:datafield tag="500" ind1=" " ind2=" ">
            <marc:subfield code="5">HsdE</marc:subfield>
            <marc:subfield code="a">Online epub (0.42 MB)</marc:subfield>
        </marc:datafield>
        <marc:datafield tag="500" ind1=" " ind2=" ">
            <marc:subfield code="5">HsdE</marc:subfield>
            <marc:subfield code="a">Offline epub med Adobe-kryptering (0.42 MB)</marc:subfield>
        </marc:datafield>
        <marc:datafield tag="500" ind1=" " ind2=" ">
            <marc:subfield code="5">Hudb</marc:subfield>
            <marc:subfield code="a">Online epub (0.42 MB)</marc:subfield>
        </marc:datafield>
        <marc:datafield tag="500" ind1=" " ind2=" ">
            <marc:subfield code="5">Hudb</marc:subfield>
            <marc:subfield code="a">Offline epub med Adobe-kryptering (0.42 MB)</marc:subfield>
        </marc:datafield>
        <marc:datafield tag="500" ind1=" " ind2=" ">
            <marc:subfield code="5">Jflb</marc:subfield>
            <marc:subfield code="a">Online epub (1.95 MB)</marc:subfield>
        </marc:datafield>
        <marc:datafield tag="500" ind1=" " ind2=" ">
            <marc:subfield code="5">Jflb</marc:subfield>
            <marc:subfield code="a">Offline epub med Adobe-kryptering (1.95 MB)</marc:subfield>
        </marc:datafield>
        <marc:datafield tag="500" ind1=" " ind2=" ">
            <marc:subfield code="5">Kas</marc:subfield>
            <marc:subfield code="a">Online epub (0.42 MB)</marc:subfield>
        </marc:datafield>
        <marc:datafield tag="500" ind1=" " ind2=" ">
            <marc:subfield code="5">Kas</marc:subfield>
            <marc:subfield code="a">Offline epub med Adobe-kryptering (0.42 MB)</marc:subfield>
        </marc:datafield>
        <marc:datafield tag="500" ind1=" " ind2=" ">
            <marc:subfield code="5">Kavl</marc:subfield>
            <marc:subfield code="a">Online epub (1.95 MB)</marc:subfield>
        </marc:datafield>
        <marc:datafield tag="500" ind1=" " ind2=" ">
            <marc:subfield code="5">Kavl</marc:subfield>
            <marc:subfield code="a">Offline epub med Adobe-kryptering (1.95 MB)</marc:subfield>
        </marc:datafield>
        <marc:datafield tag="500" ind1=" " ind2=" ">
            <marc:subfield code="5">Kbb</marc:subfield>
            <marc:subfield code="a">Online epub (1.95 MB)</marc:subfield>
        </marc:datafield>
        <marc:datafield tag="500" ind1=" " ind2=" ">
            <marc:subfield code="5">Kbb</marc:subfield>
            <marc:subfield code="a">Offline epub med Adobe-kryptering (1.95 MB)</marc:subfield>
        </marc:datafield>
        <marc:datafield tag="500" ind1=" " ind2=" ">
            <marc:subfield code="5">Krkb</marc:subfield>
            <marc:subfield code="a">Online epub (0.42 MB)</marc:subfield>
        </marc:datafield>
        <marc:datafield tag="500" ind1=" " ind2=" ">
            <marc:subfield code="5">Krkb</marc:subfield>
            <marc:subfield code="a">Offline epub med Adobe-kryptering (0.42 MB)</marc:subfield>
        </marc:datafield>
        <marc:datafield tag="500" ind1=" " ind2=" ">
            <marc:subfield code="5">Kssb</marc:subfield>
            <marc:subfield code="a">Online epub (0.42 MB)</marc:subfield>
        </marc:datafield>
        <marc:datafield tag="500" ind1=" " ind2=" ">
            <marc:subfield code="5">Kssb</marc:subfield>
            <marc:subfield code="a">Offline epub med Adobe-kryptering (0.42 MB)</marc:subfield>
        </marc:datafield>
        <marc:datafield tag="500" ind1=" " ind2=" ">
            <marc:subfield code="5">Ld</marc:subfield>
            <marc:subfield code="a">Online epub (1.95 MB)</marc:subfield>
        </marc:datafield>
        <marc:datafield tag="500" ind1=" " ind2=" ">
            <marc:subfield code="5">Ld</marc:subfield>
            <marc:subfield code="a">Offline epub med Adobe-kryptering (1.95 MB)</marc:subfield>
        </marc:datafield>
        <marc:datafield tag="500" ind1=" " ind2=" ">
            <marc:subfield code="5">Less</marc:subfield>
            <marc:subfield code="a">Online epub (0.42 MB)</marc:subfield>
        </marc:datafield>
        <marc:datafield tag="500" ind1=" " ind2=" ">
            <marc:subfield code="5">Less</marc:subfield>
            <marc:subfield code="a">Offline epub med Adobe-kryptering (0.42 MB)</marc:subfield>
        </marc:datafield>
        <marc:datafield tag="500" ind1=" " ind2=" ">
            <marc:subfield code="5">Lisb</marc:subfield>
            <marc:subfield code="a">Online epub (0.42 MB)</marc:subfield>
        </marc:datafield>
        <marc:datafield tag="500" ind1=" " ind2=" ">
            <marc:subfield code="5">Lisb</marc:subfield>
            <marc:subfield code="a">Offline epub med Adobe-kryptering (0.42 MB)</marc:subfield>
        </marc:datafield>
        <marc:datafield tag="500" ind1=" " ind2=" ">
            <marc:subfield code="5">Ljun</marc:subfield>
            <marc:subfield code="a">Online epub (1.95 MB)</marc:subfield>
        </marc:datafield>
        <marc:datafield tag="500" ind1=" " ind2=" ">
            <marc:subfield code="5">Ljun</marc:subfield>
            <marc:subfield code="a">Offline epub med Adobe-kryptering (1.95 MB)</marc:subfield>
        </marc:datafield>
        <marc:datafield tag="500" ind1=" " ind2=" ">
            <marc:subfield code="5">Lobj</marc:subfield>
            <marc:subfield code="a">Online epub (1.95 MB)</marc:subfield>
        </marc:datafield>
        <marc:datafield tag="500" ind1=" " ind2=" ">
            <marc:subfield code="5">Lobj</marc:subfield>
            <marc:subfield code="a">Offline epub med Adobe-kryptering (1.95 MB)</marc:subfield>
        </marc:datafield>
        <marc:datafield tag="500" ind1=" " ind2=" ">
            <marc:subfield code="5">Lvab</marc:subfield>
            <marc:subfield code="a">Online epub (1.95 MB)</marc:subfield>
        </marc:datafield>
        <marc:datafield tag="500" ind1=" " ind2=" ">
            <marc:subfield code="5">Lvab</marc:subfield>
            <marc:subfield code="a">Offline epub med Adobe-kryptering (1.95 MB)</marc:subfield>
        </marc:datafield>
        <marc:datafield tag="500" ind1=" " ind2=" ">
            <marc:subfield code="5">MoE</marc:subfield>
            <marc:subfield code="a">Online epub (0.42 MB)</marc:subfield>
        </marc:datafield>
        <marc:datafield tag="500" ind1=" " ind2=" ">
            <marc:subfield code="5">MoE</marc:subfield>
            <marc:subfield code="a">Offline epub med Adobe-kryptering (0.42 MB)</marc:subfield>
        </marc:datafield>
        <marc:datafield tag="500" ind1=" " ind2=" ">
            <marc:subfield code="5">Moln</marc:subfield>
            <marc:subfield code="a">Online epub (0.42 MB)</marc:subfield>
        </marc:datafield>
        <marc:datafield tag="500" ind1=" " ind2=" ">
            <marc:subfield code="5">Moln</marc:subfield>
            <marc:subfield code="a">Offline epub med Adobe-kryptering (0.42 MB)</marc:subfield>
        </marc:datafield>
        <marc:datafield tag="500" ind1=" " ind2=" ">
            <marc:subfield code="5">Munk</marc:subfield>
            <marc:subfield code="a">Online epub (1.95 MB)</marc:subfield>
        </marc:datafield>
        <marc:datafield tag="500" ind1=" " ind2=" ">
            <marc:subfield code="5">Munk</marc:subfield>
            <marc:subfield code="a">Offline epub med Adobe-kryptering (1.95 MB)</marc:subfield>
        </marc:datafield>
        <marc:datafield tag="500" ind1=" " ind2=" ">
            <marc:subfield code="5">Nafd</marc:subfield>
            <marc:subfield code="a">Online epub (1.95 MB)</marc:subfield>
        </marc:datafield>
        <marc:datafield tag="500" ind1=" " ind2=" ">
            <marc:subfield code="5">Nafd</marc:subfield>
            <marc:subfield code="a">Offline epub med Adobe-kryptering (1.95 MB)</marc:subfield>
        </marc:datafield>
        <marc:datafield tag="500" ind1=" " ind2=" ">
            <marc:subfield code="5">Nass</marc:subfield>
            <marc:subfield code="a">Online epub (0.42 MB)</marc:subfield>
        </marc:datafield>
        <marc:datafield tag="500" ind1=" " ind2=" ">
            <marc:subfield code="5">Nass</marc:subfield>
            <marc:subfield code="a">Offline epub med Adobe-kryptering (0.42 MB)</marc:subfield>
        </marc:datafield>
        <marc:datafield tag="500" ind1=" " ind2=" ">
            <marc:subfield code="5">Norr</marc:subfield>
            <marc:subfield code="a">Online epub (1.95 MB)</marc:subfield>
        </marc:datafield>
        <marc:datafield tag="500" ind1=" " ind2=" ">
            <marc:subfield code="5">Norr</marc:subfield>
            <marc:subfield code="a">Offline epub med Adobe-kryptering (1.95 MB)</marc:subfield>
        </marc:datafield>
        <marc:datafield tag="500" ind1=" " ind2=" ">
            <marc:subfield code="5">Okb</marc:subfield>
            <marc:subfield code="a">Online epub (0.42 MB)</marc:subfield>
        </marc:datafield>
        <marc:datafield tag="500" ind1=" " ind2=" ">
            <marc:subfield code="5">Okb</marc:subfield>
            <marc:subfield code="a">Offline epub med Adobe-kryptering (0.42 MB)</marc:subfield>
        </marc:datafield>
        <marc:datafield tag="500" ind1=" " ind2=" ">
            <marc:subfield code="5">Or1</marc:subfield>
            <marc:subfield code="a">Online epub (1.95 MB)</marc:subfield>
        </marc:datafield>
        <marc:datafield tag="500" ind1=" " ind2=" ">
            <marc:subfield code="5">Or1</marc:subfield>
            <marc:subfield code="a">Offline epub med Adobe-kryptering (1.95 MB)</marc:subfield>
        </marc:datafield>
        <marc:datafield tag="500" ind1=" " ind2=" ">
            <marc:subfield code="5">Os</marc:subfield>
            <marc:subfield code="a">Online epub (0.42 MB)</marc:subfield>
        </marc:datafield>
        <marc:datafield tag="500" ind1=" " ind2=" ">
            <marc:subfield code="5">Os</marc:subfield>
            <marc:subfield code="a">Offline epub med Adobe-kryptering (0.42 MB)</marc:subfield>
        </marc:datafield>
        <marc:datafield tag="500" ind1=" " ind2=" ">
            <marc:subfield code="5">Oxel</marc:subfield>
            <marc:subfield code="a">Online epub (0.42 MB)</marc:subfield>
        </marc:datafield>
        <marc:datafield tag="500" ind1=" " ind2=" ">
            <marc:subfield code="5">Oxel</marc:subfield>
            <marc:subfield code="a">Offline epub med Adobe-kryptering (0.42 MB)</marc:subfield>
        </marc:datafield>
        <marc:datafield tag="500" ind1=" " ind2=" ">
            <marc:subfield code="5">Part</marc:subfield>
            <marc:subfield code="a">Online epub (1.95 MB)</marc:subfield>
        </marc:datafield>
        <marc:datafield tag="500" ind1=" " ind2=" ">
            <marc:subfield code="5">Part</marc:subfield>
            <marc:subfield code="a">Offline epub med Adobe-kryptering (1.95 MB)</marc:subfield>
        </marc:datafield>
        <marc:datafield tag="500" ind1=" " ind2=" ">
            <marc:subfield code="5">Skfb</marc:subfield>
            <marc:subfield code="a">Online epub (1.95 MB)</marc:subfield>
        </marc:datafield>
        <marc:datafield tag="500" ind1=" " ind2=" ">
            <marc:subfield code="5">Skfb</marc:subfield>
            <marc:subfield code="a">Offline epub med Adobe-kryptering (1.95 MB)</marc:subfield>
        </marc:datafield>
        <marc:datafield tag="500" ind1=" " ind2=" ">
            <marc:subfield code="5">Skkf</marc:subfield>
            <marc:subfield code="a">Online epub (1.95 MB)</marc:subfield>
        </marc:datafield>
        <marc:datafield tag="500" ind1=" " ind2=" ">
            <marc:subfield code="5">Skkf</marc:subfield>
            <marc:subfield code="a">Offline epub med Adobe-kryptering (1.95 MB)</marc:subfield>
        </marc:datafield>
        <marc:datafield tag="500" ind1=" " ind2=" ">
            <marc:subfield code="5">Sob</marc:subfield>
            <marc:subfield code="a">Online epub (1.95 MB)</marc:subfield>
        </marc:datafield>
        <marc:datafield tag="500" ind1=" " ind2=" ">
            <marc:subfield code="5">Sob</marc:subfield>
            <marc:subfield code="a">Offline epub med Adobe-kryptering (1.95 MB)</marc:subfield>
        </marc:datafield>
        <marc:datafield tag="500" ind1=" " ind2=" ">
            <marc:subfield code="5">Solb</marc:subfield>
            <marc:subfield code="a">Online epub (1.95 MB)</marc:subfield>
        </marc:datafield>
        <marc:datafield tag="500" ind1=" " ind2=" ">
            <marc:subfield code="5">Solb</marc:subfield>
            <marc:subfield code="a">Offline epub med Adobe-kryptering (1.95 MB)</marc:subfield>
        </marc:datafield>
        <marc:datafield tag="500" ind1=" " ind2=" ">
            <marc:subfield code="5">Soll</marc:subfield>
            <marc:subfield code="a">Online epub (0.42 MB)</marc:subfield>
        </marc:datafield>
        <marc:datafield tag="500" ind1=" " ind2=" ">
            <marc:subfield code="5">Soll</marc:subfield>
            <marc:subfield code="a">Offline epub med Adobe-kryptering (0.42 MB)</marc:subfield>
        </marc:datafield>
        <marc:datafield tag="500" ind1=" " ind2=" ">
            <marc:subfield code="5">SsbE</marc:subfield>
            <marc:subfield code="a">Online epub (0.42 MB)</marc:subfield>
        </marc:datafield>
        <marc:datafield tag="500" ind1=" " ind2=" ">
            <marc:subfield code="5">SsbE</marc:subfield>
            <marc:subfield code="a">Offline epub med Adobe-kryptering (0.42 MB)</marc:subfield>
        </marc:datafield>
        <marc:datafield tag="500" ind1=" " ind2=" ">
            <marc:subfield code="5">Staf</marc:subfield>
            <marc:subfield code="a">Online epub (1.95 MB)</marc:subfield>
        </marc:datafield>
        <marc:datafield tag="500" ind1=" " ind2=" ">
            <marc:subfield code="5">Staf</marc:subfield>
            <marc:subfield code="a">Offline epub med Adobe-kryptering (1.95 MB)</marc:subfield>
        </marc:datafield>
        <marc:datafield tag="500" ind1=" " ind2=" ">
            <marc:subfield code="5">Sten</marc:subfield>
            <marc:subfield code="a">Online epub (1.95 MB)</marc:subfield>
        </marc:datafield>
        <marc:datafield tag="500" ind1=" " ind2=" ">
            <marc:subfield code="5">Sten</marc:subfield>
            <marc:subfield code="a">Offline epub med Adobe-kryptering (1.95 MB)</marc:subfield>
        </marc:datafield>
        <marc:datafield tag="500" ind1=" " ind2=" ">
            <marc:subfield code="5">Stra</marc:subfield>
            <marc:subfield code="a">Online epub (1.95 MB)</marc:subfield>
        </marc:datafield>
        <marc:datafield tag="500" ind1=" " ind2=" ">
            <marc:subfield code="5">Stra</marc:subfield>
            <marc:subfield code="a">Offline epub med Adobe-kryptering (1.95 MB)</marc:subfield>
        </marc:datafield>
        <marc:datafield tag="500" ind1=" " ind2=" ">
            <marc:subfield code="5">Sund</marc:subfield>
            <marc:subfield code="a">Online epub (1.95 MB)</marc:subfield>
        </marc:datafield>
        <marc:datafield tag="500" ind1=" " ind2=" ">
            <marc:subfield code="5">Sund</marc:subfield>
            <marc:subfield code="a">Offline epub med Adobe-kryptering (1.95 MB)</marc:subfield>
        </marc:datafield>
        <marc:datafield tag="500" ind1=" " ind2=" ">
            <marc:subfield code="5">Svl</marc:subfield>
            <marc:subfield code="a">Online epub (1.95 MB)</marc:subfield>
        </marc:datafield>
        <marc:datafield tag="500" ind1=" " ind2=" ">
            <marc:subfield code="5">Svl</marc:subfield>
            <marc:subfield code="a">Offline epub med Adobe-kryptering (1.95 MB)</marc:subfield>
        </marc:datafield>
        <marc:datafield tag="500" ind1=" " ind2=" ">
            <marc:subfield code="5">Taby</marc:subfield>
            <marc:subfield code="a">Online epub (1.95 MB)</marc:subfield>
        </marc:datafield>
        <marc:datafield tag="500" ind1=" " ind2=" ">
            <marc:subfield code="5">Taby</marc:subfield>
            <marc:subfield code="a">Offline epub med Adobe-kryptering (1.95 MB)</marc:subfield>
        </marc:datafield>
        <marc:datafield tag="500" ind1=" " ind2=" ">
            <marc:subfield code="5">Tanu</marc:subfield>
            <marc:subfield code="a">Online epub (1.95 MB)</marc:subfield>
        </marc:datafield>
        <marc:datafield tag="500" ind1=" " ind2=" ">
            <marc:subfield code="5">Tanu</marc:subfield>
            <marc:subfield code="a">Offline epub med Adobe-kryptering (1.95 MB)</marc:subfield>
        </marc:datafield>
        <marc:datafield tag="500" ind1=" " ind2=" ">
            <marc:subfield code="5">TimE</marc:subfield>
            <marc:subfield code="a">Online epub (0.42 MB)</marc:subfield>
        </marc:datafield>
        <marc:datafield tag="500" ind1=" " ind2=" ">
            <marc:subfield code="5">TimE</marc:subfield>
            <marc:subfield code="a">Offline epub med Adobe-kryptering (0.42 MB)</marc:subfield>
        </marc:datafield>
        <marc:datafield tag="500" ind1=" " ind2=" ">
            <marc:subfield code="5">Tkb</marc:subfield>
            <marc:subfield code="a">Online epub (0.42 MB)</marc:subfield>
        </marc:datafield>
        <marc:datafield tag="500" ind1=" " ind2=" ">
            <marc:subfield code="5">Tkb</marc:subfield>
            <marc:subfield code="a">Offline epub med Adobe-kryptering (0.42 MB)</marc:subfield>
        </marc:datafield>
        <marc:datafield tag="500" ind1=" " ind2=" ">
            <marc:subfield code="5">Trel</marc:subfield>
            <marc:subfield code="a">Online epub (0.42 MB)</marc:subfield>
        </marc:datafield>
        <marc:datafield tag="500" ind1=" " ind2=" ">
            <marc:subfield code="5">Trel</marc:subfield>
            <marc:subfield code="a">Offline epub med Adobe-kryptering (0.42 MB)</marc:subfield>
        </marc:datafield>
        <marc:datafield tag="500" ind1=" " ind2=" ">
            <marc:subfield code="5">Tykb</marc:subfield>
            <marc:subfield code="a">Online epub (1.95 MB)</marc:subfield>
        </marc:datafield>
        <marc:datafield tag="500" ind1=" " ind2=" ">
            <marc:subfield code="5">Tykb</marc:subfield>
            <marc:subfield code="a">Offline epub med Adobe-kryptering (1.95 MB)</marc:subfield>
        </marc:datafield>
        <marc:datafield tag="500" ind1=" " ind2=" ">
            <marc:subfield code="5">Udd</marc:subfield>
            <marc:subfield code="a">Online epub (0.42 MB)</marc:subfield>
        </marc:datafield>
        <marc:datafield tag="500" ind1=" " ind2=" ">
            <marc:subfield code="5">Udd</marc:subfield>
            <marc:subfield code="a">Offline epub med Adobe-kryptering (0.42 MB)</marc:subfield>
        </marc:datafield>
        <marc:datafield tag="500" ind1=" " ind2=" ">
            <marc:subfield code="5">Um</marc:subfield>
            <marc:subfield code="a">Online epub (0.42 MB)</marc:subfield>
        </marc:datafield>
        <marc:datafield tag="500" ind1=" " ind2=" ">
            <marc:subfield code="5">Um</marc:subfield>
            <marc:subfield code="a">Offline epub med Adobe-kryptering (0.42 MB)</marc:subfield>
        </marc:datafield>
        <marc:datafield tag="500" ind1=" " ind2=" ">
            <marc:subfield code="5">Vane</marc:subfield>
            <marc:subfield code="a">Online epub (1.95 MB)</marc:subfield>
        </marc:datafield>
        <marc:datafield tag="500" ind1=" " ind2=" ">
            <marc:subfield code="5">Vane</marc:subfield>
            <marc:subfield code="a">Offline epub med Adobe-kryptering (1.95 MB)</marc:subfield>
        </marc:datafield>
        <marc:datafield tag="500" ind1=" " ind2=" ">
            <marc:subfield code="5">Vaxh</marc:subfield>
            <marc:subfield code="a">Online epub (1.95 MB)</marc:subfield>
        </marc:datafield>
        <marc:datafield tag="500" ind1=" " ind2=" ">
            <marc:subfield code="5">Vaxh</marc:subfield>
            <marc:subfield code="a">Offline epub med Adobe-kryptering (1.95 MB)</marc:subfield>
        </marc:datafield>
        <marc:datafield tag="500" ind1=" " ind2=" ">
            <marc:subfield code="5">Vell</marc:subfield>
            <marc:subfield code="a">Online epub (1.95 MB)</marc:subfield>
        </marc:datafield>
        <marc:datafield tag="500" ind1=" " ind2=" ">
            <marc:subfield code="5">Vell</marc:subfield>
            <marc:subfield code="a">Offline epub med Adobe-kryptering (1.95 MB)</marc:subfield>
        </marc:datafield>
        <marc:datafield tag="500" ind1=" " ind2=" ">
            <marc:subfield code="5">Vlib</marc:subfield>
            <marc:subfield code="a">Online epub (0.42 MB)</marc:subfield>
        </marc:datafield>
        <marc:datafield tag="500" ind1=" " ind2=" ">
            <marc:subfield code="5">Vlib</marc:subfield>
            <marc:subfield code="a">Offline epub med Adobe-kryptering (0.42 MB)</marc:subfield>
        </marc:datafield>
        <marc:datafield tag="520" ind1=" " ind2=" ">
            <marc:subfield code="a">Ny psykologisk spänningsroman med kommissarie Sejer i huvudrollen!Helveteselden är en ny psykologisk och djupt mänsklig spänningsroman av Karin Fossum med kommissarie Konrad Sejer i huvudrollen. En berättelse där inte bara frågan om vem utan framför allt varför måste besvaras. I handlingens centrum står två ensamstående mödrar med varsin son, två familjer som på varsitt håll kämpar mot tillvarons torftighet och dåliga odds, män som svikit och familjehemligheter som får katastrofala följder.Det är en varm sommardag i början av juli 2005. I en sänka, intill en träddunge, står en gammal, rostig husvagn. Inuti ligger en kvinna och hennes femårige son döda. Brutalt mördade. Fyra knivhugg i moderns kropp, lika många i barnets. På golvet bredvid dem ligger det blodiga mordvapnet, en kniv med långt blad.Kniven och ett blodigt fotavtryck är de enda spår poliskommissarie Konrad Sejer har då han försöker lösa vad som på en gång framstår som ett vansinnesdåd och ett välplanerat mord. Varför befann sig kvinnan och hennes son i husvagnen? Och vem har haft motiv att mörda dem?&quot;Karin Fossum har en mästerlig förmåga att skapa krypande spänning och att skildra avvikande, lite udda människor. En högkvalitativ psykologisk thriller.&quot; Ingalill Mosander, AftonbladetÖversättare:Margareta Järnebrand,Omslagsformgivare:Anders Timrén [Elib]</marc:subfield>
        </marc:datafield>
        <marc:datafield tag="599" ind1=" " ind2=" ">
            <marc:subfield code="a">Ändrad av Elib 2016-06-07</marc:subfield>
        </marc:datafield>
        <marc:datafield tag="700" ind1="1" ind2=" ">
            <marc:subfield code="a">Järnebrand, Margareta</marc:subfield>
            <marc:subfield code="4">trl</marc:subfield>
        </marc:datafield>
        <marc:datafield tag="700" ind1="1" ind2=" ">
            <marc:subfield code="a">Timrén, Anders</marc:subfield>
            <marc:subfield code="4">oth</marc:subfield>
        </marc:datafield>
        <marc:datafield tag="856" ind1="4" ind2="2">
            <marc:subfield code="u">https://images.elib.se/cover/1028093/1028093_201511121807.jpg</marc:subfield>
            <marc:subfield code="x">digipic</marc:subfield>
            <marc:subfield code="z">Omslagsbild</marc:subfield>
        </marc:datafield>
        <marc:datafield tag="856" ind1="4" ind2="2">
            <marc:subfield code="5">Hamn</marc:subfield>
            <marc:subfield code="u">https://bibliotek.ranrike.se/digitala-biblioteket</marc:subfield>
            <marc:subfield code="x">origin:Elib</marc:subfield>
            <marc:subfield code="z">Låna från ditt bibliotek. Lånekort krävs.</marc:subfield>
        </marc:datafield>
        <marc:datafield tag="856" ind1="4" ind2="2">
            <marc:subfield code="5">HibE</marc:subfield>
            <marc:subfield code="u">http://hb.elib.se/Books/Details/1028093</marc:subfield>
            <marc:subfield code="x">origin:Elib</marc:subfield>
            <marc:subfield code="z">Låna från ditt bibliotek. Lånekort krävs.</marc:subfield>
        </marc:datafield>
        <marc:datafield tag="856" ind1="4" ind2="2">
            <marc:subfield code="5">MoE</marc:subfield>
            <marc:subfield code="u">http://malmo.elib.se/Books/Details/1028093</marc:subfield>
            <marc:subfield code="x">origin:Elib</marc:subfield>
            <marc:subfield code="z">Låna från ditt bibliotek. Lånekort krävs.</marc:subfield>
        </marc:datafield>
        <marc:datafield tag="856" ind1="4" ind2="2">
            <marc:subfield code="5">Munk</marc:subfield>
            <marc:subfield code="u">https://bibliotek.ranrike.se/digitala-biblioteket</marc:subfield>
            <marc:subfield code="x">origin:Elib</marc:subfield>
            <marc:subfield code="z">Låna från ditt bibliotek. Lånekort krävs.</marc:subfield>
        </marc:datafield>
        <marc:datafield tag="856" ind1="4" ind2="2">
            <marc:subfield code="5">Skkf</marc:subfield>
            <marc:subfield code="u">https://bibliotek.ranrike.se/digitala-biblioteket</marc:subfield>
            <marc:subfield code="x">origin:Elib</marc:subfield>
            <marc:subfield code="z">Låna från ditt bibliotek. Lånekort krävs.</marc:subfield>
        </marc:datafield>
        <marc:datafield tag="856" ind1="4" ind2="2">
            <marc:subfield code="5">Tanu</marc:subfield>
            <marc:subfield code="u">https://bibliotek.ranrike.se/digitala-biblioteket</marc:subfield>
            <marc:subfield code="x">origin:Elib</marc:subfield>
            <marc:subfield code="z">Låna från ditt bibliotek. Lånekort krävs.</marc:subfield>
        </marc:datafield>
    </marc:record>