
    <marc:record>
        <marc:leader>14546cam a22028333a 4500</marc:leader>
        <marc:controlfield tag="001">17418314</marc:controlfield>
        <marc:controlfield tag="003">SE-LIBR</marc:controlfield>
        <marc:controlfield tag="005">20160906183823.0</marc:controlfield>
        <marc:controlfield tag="007">cr |||   |||||         </marc:controlfield>
        <marc:controlfield tag="008">150122s2015    sw |||||o|||||000 f|swe|d</marc:controlfield>
        <marc:datafield tag="020" ind1=" " ind2=" ">
            <marc:subfield code="a">9789137143866</marc:subfield>
        </marc:datafield>
        <marc:datafield tag="024" ind1="7" ind2=" ">
            <marc:subfield code="5">Alve</marc:subfield>
            <marc:subfield code="a">1028426</marc:subfield>
            <marc:subfield code="2">Distributör: Elib</marc:subfield>
        </marc:datafield>
        <marc:datafield tag="024" ind1="7" ind2=" ">
            <marc:subfield code="5">Arlo</marc:subfield>
            <marc:subfield code="a">1028426</marc:subfield>
            <marc:subfield code="2">Distributör: Elib</marc:subfield>
        </marc:datafield>
        <marc:datafield tag="024" ind1="7" ind2=" ">
            <marc:subfield code="5">BinE</marc:subfield>
            <marc:subfield code="a">1028426</marc:subfield>
            <marc:subfield code="2">Distributör: Elib</marc:subfield>
        </marc:datafield>
        <marc:datafield tag="024" ind1="7" ind2=" ">
            <marc:subfield code="5">Biv</marc:subfield>
            <marc:subfield code="a">1028426</marc:subfield>
            <marc:subfield code="2">Distributör: Elib</marc:subfield>
        </marc:datafield>
        <marc:datafield tag="024" ind1="7" ind2=" ">
            <marc:subfield code="5">BoE</marc:subfield>
            <marc:subfield code="a">1028426</marc:subfield>
            <marc:subfield code="2">Distributör: Elib</marc:subfield>
        </marc:datafield>
        <marc:datafield tag="024" ind1="7" ind2=" ">
            <marc:subfield code="5">Dand</marc:subfield>
            <marc:subfield code="a">1028426</marc:subfield>
            <marc:subfield code="2">Distributör: Elib</marc:subfield>
        </marc:datafield>
        <marc:datafield tag="024" ind1="7" ind2=" ">
            <marc:subfield code="5">Eble</marc:subfield>
            <marc:subfield code="a">1028426</marc:subfield>
            <marc:subfield code="2">Distributör: Elib</marc:subfield>
        </marc:datafield>
        <marc:datafield tag="024" ind1="7" ind2=" ">
            <marc:subfield code="5">Elan</marc:subfield>
            <marc:subfield code="a">1028426</marc:subfield>
            <marc:subfield code="2">Distributör: Elib</marc:subfield>
        </marc:datafield>
        <marc:datafield tag="024" ind1="7" ind2=" ">
            <marc:subfield code="5">Elib</marc:subfield>
            <marc:subfield code="a">1028426</marc:subfield>
            <marc:subfield code="2">Distributör: Elib</marc:subfield>
        </marc:datafield>
        <marc:datafield tag="024" ind1="7" ind2=" ">
            <marc:subfield code="5">Es1</marc:subfield>
            <marc:subfield code="a">1028426</marc:subfield>
            <marc:subfield code="2">Distributör: Elib</marc:subfield>
        </marc:datafield>
        <marc:datafield tag="024" ind1="7" ind2=" ">
            <marc:subfield code="5">Eslo</marc:subfield>
            <marc:subfield code="a">1028426</marc:subfield>
            <marc:subfield code="2">Distributör: Elib</marc:subfield>
        </marc:datafield>
        <marc:datafield tag="024" ind1="7" ind2=" ">
            <marc:subfield code="5">Esno</marc:subfield>
            <marc:subfield code="a">1028426</marc:subfield>
            <marc:subfield code="2">Distributör: Elib</marc:subfield>
        </marc:datafield>
        <marc:datafield tag="024" ind1="7" ind2=" ">
            <marc:subfield code="5">Esod</marc:subfield>
            <marc:subfield code="a">1028426</marc:subfield>
            <marc:subfield code="2">Distributör: Elib</marc:subfield>
        </marc:datafield>
        <marc:datafield tag="024" ind1="7" ind2=" ">
            <marc:subfield code="5">Esso</marc:subfield>
            <marc:subfield code="a">1028426</marc:subfield>
            <marc:subfield code="2">Distributör: Elib</marc:subfield>
        </marc:datafield>
        <marc:datafield tag="024" ind1="7" ind2=" ">
            <marc:subfield code="5">Fab</marc:subfield>
            <marc:subfield code="a">1028426</marc:subfield>
            <marc:subfield code="2">Distributör: Elib</marc:subfield>
        </marc:datafield>
        <marc:datafield tag="024" ind1="7" ind2=" ">
            <marc:subfield code="5">Gnes</marc:subfield>
            <marc:subfield code="a">1028426</marc:subfield>
            <marc:subfield code="2">Distributör: Elib</marc:subfield>
        </marc:datafield>
        <marc:datafield tag="024" ind1="7" ind2=" ">
            <marc:subfield code="5">Gnos</marc:subfield>
            <marc:subfield code="a">1028426</marc:subfield>
            <marc:subfield code="2">Distributör: Elib</marc:subfield>
        </marc:datafield>
        <marc:datafield tag="024" ind1="7" ind2=" ">
            <marc:subfield code="5">Habo</marc:subfield>
            <marc:subfield code="a">1028426</marc:subfield>
            <marc:subfield code="2">Distributör: Elib</marc:subfield>
        </marc:datafield>
        <marc:datafield tag="024" ind1="7" ind2=" ">
            <marc:subfield code="5">Hamn</marc:subfield>
            <marc:subfield code="a">1028426</marc:subfield>
            <marc:subfield code="2">Distributör: Elib</marc:subfield>
        </marc:datafield>
        <marc:datafield tag="024" ind1="7" ind2=" ">
            <marc:subfield code="5">Harj</marc:subfield>
            <marc:subfield code="a">1028426</marc:subfield>
            <marc:subfield code="2">Distributör: Elib</marc:subfield>
        </marc:datafield>
        <marc:datafield tag="024" ind1="7" ind2=" ">
            <marc:subfield code="5">Hasb</marc:subfield>
            <marc:subfield code="a">1028426</marc:subfield>
            <marc:subfield code="2">Distributör: Elib</marc:subfield>
        </marc:datafield>
        <marc:datafield tag="024" ind1="7" ind2=" ">
            <marc:subfield code="5">Helg</marc:subfield>
            <marc:subfield code="a">1028426</marc:subfield>
            <marc:subfield code="2">Distributör: Elib</marc:subfield>
        </marc:datafield>
        <marc:datafield tag="024" ind1="7" ind2=" ">
            <marc:subfield code="5">HibE</marc:subfield>
            <marc:subfield code="a">1028426</marc:subfield>
            <marc:subfield code="2">Distributör: Elib</marc:subfield>
        </marc:datafield>
        <marc:datafield tag="024" ind1="7" ind2=" ">
            <marc:subfield code="5">Hoor</marc:subfield>
            <marc:subfield code="a">1028426</marc:subfield>
            <marc:subfield code="2">Distributör: Elib</marc:subfield>
        </marc:datafield>
        <marc:datafield tag="024" ind1="7" ind2=" ">
            <marc:subfield code="5">HsdE</marc:subfield>
            <marc:subfield code="a">1028426</marc:subfield>
            <marc:subfield code="2">Distributör: Elib</marc:subfield>
        </marc:datafield>
        <marc:datafield tag="024" ind1="7" ind2=" ">
            <marc:subfield code="5">Hudb</marc:subfield>
            <marc:subfield code="a">1028426</marc:subfield>
            <marc:subfield code="2">Distributör: Elib</marc:subfield>
        </marc:datafield>
        <marc:datafield tag="024" ind1="7" ind2=" ">
            <marc:subfield code="5">Jflb</marc:subfield>
            <marc:subfield code="a">1028426</marc:subfield>
            <marc:subfield code="2">Distributör: Elib</marc:subfield>
        </marc:datafield>
        <marc:datafield tag="024" ind1="7" ind2=" ">
            <marc:subfield code="5">Kavl</marc:subfield>
            <marc:subfield code="a">1028426</marc:subfield>
            <marc:subfield code="2">Distributör: Elib</marc:subfield>
        </marc:datafield>
        <marc:datafield tag="024" ind1="7" ind2=" ">
            <marc:subfield code="5">Kbb</marc:subfield>
            <marc:subfield code="a">1028426</marc:subfield>
            <marc:subfield code="2">Distributör: Elib</marc:subfield>
        </marc:datafield>
        <marc:datafield tag="024" ind1="7" ind2=" ">
            <marc:subfield code="5">Krkb</marc:subfield>
            <marc:subfield code="a">1028426</marc:subfield>
            <marc:subfield code="2">Distributör: Elib</marc:subfield>
        </marc:datafield>
        <marc:datafield tag="024" ind1="7" ind2=" ">
            <marc:subfield code="5">Kssb</marc:subfield>
            <marc:subfield code="a">1028426</marc:subfield>
            <marc:subfield code="2">Distributör: Elib</marc:subfield>
        </marc:datafield>
        <marc:datafield tag="024" ind1="7" ind2=" ">
            <marc:subfield code="5">Ld</marc:subfield>
            <marc:subfield code="a">1028426</marc:subfield>
            <marc:subfield code="2">Distributör: Elib</marc:subfield>
        </marc:datafield>
        <marc:datafield tag="024" ind1="7" ind2=" ">
            <marc:subfield code="5">Less</marc:subfield>
            <marc:subfield code="a">1028426</marc:subfield>
            <marc:subfield code="2">Distributör: Elib</marc:subfield>
        </marc:datafield>
        <marc:datafield tag="024" ind1="7" ind2=" ">
            <marc:subfield code="5">Lisb</marc:subfield>
            <marc:subfield code="a">1028426</marc:subfield>
            <marc:subfield code="2">Distributör: Elib</marc:subfield>
        </marc:datafield>
        <marc:datafield tag="024" ind1="7" ind2=" ">
            <marc:subfield code="5">Ljun</marc:subfield>
            <marc:subfield code="a">1028426</marc:subfield>
            <marc:subfield code="2">Distributör: Elib</marc:subfield>
        </marc:datafield>
        <marc:datafield tag="024" ind1="7" ind2=" ">
            <marc:subfield code="5">Lvab</marc:subfield>
            <marc:subfield code="a">1028426</marc:subfield>
            <marc:subfield code="2">Distributör: Elib</marc:subfield>
        </marc:datafield>
        <marc:datafield tag="024" ind1="7" ind2=" ">
            <marc:subfield code="5">MoE</marc:subfield>
            <marc:subfield code="a">1028426</marc:subfield>
            <marc:subfield code="2">Distributör: Elib</marc:subfield>
        </marc:datafield>
        <marc:datafield tag="024" ind1="7" ind2=" ">
            <marc:subfield code="5">Moln</marc:subfield>
            <marc:subfield code="a">1028426</marc:subfield>
            <marc:subfield code="2">Distributör: Elib</marc:subfield>
        </marc:datafield>
        <marc:datafield tag="024" ind1="7" ind2=" ">
            <marc:subfield code="5">Munk</marc:subfield>
            <marc:subfield code="a">1028426</marc:subfield>
            <marc:subfield code="2">Distributör: Elib</marc:subfield>
        </marc:datafield>
        <marc:datafield tag="024" ind1="7" ind2=" ">
            <marc:subfield code="5">Nafd</marc:subfield>
            <marc:subfield code="a">1028426</marc:subfield>
            <marc:subfield code="2">Distributör: Elib</marc:subfield>
        </marc:datafield>
        <marc:datafield tag="024" ind1="7" ind2=" ">
            <marc:subfield code="5">Nass</marc:subfield>
            <marc:subfield code="a">1028426</marc:subfield>
            <marc:subfield code="2">Distributör: Elib</marc:subfield>
        </marc:datafield>
        <marc:datafield tag="024" ind1="7" ind2=" ">
            <marc:subfield code="5">Norr</marc:subfield>
            <marc:subfield code="a">1028426</marc:subfield>
            <marc:subfield code="2">Distributör: Elib</marc:subfield>
        </marc:datafield>
        <marc:datafield tag="024" ind1="7" ind2=" ">
            <marc:subfield code="5">Okb</marc:subfield>
            <marc:subfield code="a">1028426</marc:subfield>
            <marc:subfield code="2">Distributör: Elib</marc:subfield>
        </marc:datafield>
        <marc:datafield tag="024" ind1="7" ind2=" ">
            <marc:subfield code="5">Or1</marc:subfield>
            <marc:subfield code="a">1028426</marc:subfield>
            <marc:subfield code="2">Distributör: Elib</marc:subfield>
        </marc:datafield>
        <marc:datafield tag="024" ind1="7" ind2=" ">
            <marc:subfield code="5">Os</marc:subfield>
            <marc:subfield code="a">1028426</marc:subfield>
            <marc:subfield code="2">Distributör: Elib</marc:subfield>
        </marc:datafield>
        <marc:datafield tag="024" ind1="7" ind2=" ">
            <marc:subfield code="5">Oxel</marc:subfield>
            <marc:subfield code="a">1028426</marc:subfield>
            <marc:subfield code="2">Distributör: Elib</marc:subfield>
        </marc:datafield>
        <marc:datafield tag="024" ind1="7" ind2=" ">
            <marc:subfield code="5">Part</marc:subfield>
            <marc:subfield code="a">1028426</marc:subfield>
            <marc:subfield code="2">Distributör: Elib</marc:subfield>
        </marc:datafield>
        <marc:datafield tag="024" ind1="7" ind2=" ">
            <marc:subfield code="5">Skfb</marc:subfield>
            <marc:subfield code="a">1028426</marc:subfield>
            <marc:subfield code="2">Distributör: Elib</marc:subfield>
        </marc:datafield>
        <marc:datafield tag="024" ind1="7" ind2=" ">
            <marc:subfield code="5">Skkf</marc:subfield>
            <marc:subfield code="a">1028426</marc:subfield>
            <marc:subfield code="2">Distributör: Elib</marc:subfield>
        </marc:datafield>
        <marc:datafield tag="024" ind1="7" ind2=" ">
            <marc:subfield code="5">Sob</marc:subfield>
            <marc:subfield code="a">1028426</marc:subfield>
            <marc:subfield code="2">Distributör: Elib</marc:subfield>
        </marc:datafield>
        <marc:datafield tag="024" ind1="7" ind2=" ">
            <marc:subfield code="5">Solb</marc:subfield>
            <marc:subfield code="a">1028426</marc:subfield>
            <marc:subfield code="2">Distributör: Elib</marc:subfield>
        </marc:datafield>
        <marc:datafield tag="024" ind1="7" ind2=" ">
            <marc:subfield code="5">Soll</marc:subfield>
            <marc:subfield code="a">1028426</marc:subfield>
            <marc:subfield code="2">Distributör: Elib</marc:subfield>
        </marc:datafield>
        <marc:datafield tag="024" ind1="7" ind2=" ">
            <marc:subfield code="5">SsbE</marc:subfield>
            <marc:subfield code="a">1028426</marc:subfield>
            <marc:subfield code="2">Distributör: Elib</marc:subfield>
        </marc:datafield>
        <marc:datafield tag="024" ind1="7" ind2=" ">
            <marc:subfield code="5">Staf</marc:subfield>
            <marc:subfield code="a">1028426</marc:subfield>
            <marc:subfield code="2">Distributör: Elib</marc:subfield>
        </marc:datafield>
        <marc:datafield tag="024" ind1="7" ind2=" ">
            <marc:subfield code="5">Sten</marc:subfield>
            <marc:subfield code="a">1028426</marc:subfield>
            <marc:subfield code="2">Distributör: Elib</marc:subfield>
        </marc:datafield>
        <marc:datafield tag="024" ind1="7" ind2=" ">
            <marc:subfield code="5">Stra</marc:subfield>
            <marc:subfield code="a">1028426</marc:subfield>
            <marc:subfield code="2">Distributör: Elib</marc:subfield>
        </marc:datafield>
        <marc:datafield tag="024" ind1="7" ind2=" ">
            <marc:subfield code="5">Sund</marc:subfield>
            <marc:subfield code="a">1028426</marc:subfield>
            <marc:subfield code="2">Distributör: Elib</marc:subfield>
        </marc:datafield>
        <marc:datafield tag="024" ind1="7" ind2=" ">
            <marc:subfield code="5">Svl</marc:subfield>
            <marc:subfield code="a">1028426</marc:subfield>
            <marc:subfield code="2">Distributör: Elib</marc:subfield>
        </marc:datafield>
        <marc:datafield tag="024" ind1="7" ind2=" ">
            <marc:subfield code="5">Taby</marc:subfield>
            <marc:subfield code="a">1028426</marc:subfield>
            <marc:subfield code="2">Distributör: Elib</marc:subfield>
        </marc:datafield>
        <marc:datafield tag="024" ind1="7" ind2=" ">
            <marc:subfield code="5">Tanu</marc:subfield>
            <marc:subfield code="a">1028426</marc:subfield>
            <marc:subfield code="2">Distributör: Elib</marc:subfield>
        </marc:datafield>
        <marc:datafield tag="024" ind1="7" ind2=" ">
            <marc:subfield code="5">TimE</marc:subfield>
            <marc:subfield code="a">1028426</marc:subfield>
            <marc:subfield code="2">Distributör: Elib</marc:subfield>
        </marc:datafield>
        <marc:datafield tag="024" ind1="7" ind2=" ">
            <marc:subfield code="5">Tkb</marc:subfield>
            <marc:subfield code="a">1028426</marc:subfield>
            <marc:subfield code="2">Distributör: Elib</marc:subfield>
        </marc:datafield>
        <marc:datafield tag="024" ind1="7" ind2=" ">
            <marc:subfield code="5">Trel</marc:subfield>
            <marc:subfield code="a">1028426</marc:subfield>
            <marc:subfield code="2">Distributör: Elib</marc:subfield>
        </marc:datafield>
        <marc:datafield tag="024" ind1="7" ind2=" ">
            <marc:subfield code="5">Tykb</marc:subfield>
            <marc:subfield code="a">1028426</marc:subfield>
            <marc:subfield code="2">Distributör: Elib</marc:subfield>
        </marc:datafield>
        <marc:datafield tag="024" ind1="7" ind2=" ">
            <marc:subfield code="5">Udd</marc:subfield>
            <marc:subfield code="a">1028426</marc:subfield>
            <marc:subfield code="2">Distributör: Elib</marc:subfield>
        </marc:datafield>
        <marc:datafield tag="024" ind1="7" ind2=" ">
            <marc:subfield code="5">Um</marc:subfield>
            <marc:subfield code="a">1028426</marc:subfield>
            <marc:subfield code="2">Distributör: Elib</marc:subfield>
        </marc:datafield>
        <marc:datafield tag="024" ind1="7" ind2=" ">
            <marc:subfield code="5">Vane</marc:subfield>
            <marc:subfield code="a">1028426</marc:subfield>
            <marc:subfield code="2">Distributör: Elib</marc:subfield>
        </marc:datafield>
        <marc:datafield tag="024" ind1="7" ind2=" ">
            <marc:subfield code="5">Vaxh</marc:subfield>
            <marc:subfield code="a">1028426</marc:subfield>
            <marc:subfield code="2">Distributör: Elib</marc:subfield>
        </marc:datafield>
        <marc:datafield tag="024" ind1="7" ind2=" ">
            <marc:subfield code="5">Vell</marc:subfield>
            <marc:subfield code="a">1028426</marc:subfield>
            <marc:subfield code="2">Distributör: Elib</marc:subfield>
        </marc:datafield>
        <marc:datafield tag="024" ind1="7" ind2=" ">
            <marc:subfield code="5">Vlib</marc:subfield>
            <marc:subfield code="a">1028426</marc:subfield>
            <marc:subfield code="2">Distributör: Elib</marc:subfield>
        </marc:datafield>
        <marc:datafield tag="035" ind1=" " ind2=" ">
            <marc:subfield code="a">Elib1028426</marc:subfield>
        </marc:datafield>
        <marc:datafield tag="040" ind1=" " ind2=" ">
            <marc:subfield code="e">a</marc:subfield>
        </marc:datafield>
        <marc:datafield tag="041" ind1=" " ind2=" ">
            <marc:subfield code="a">swe</marc:subfield>
        </marc:datafield>
        <marc:datafield tag="100" ind1="1" ind2=" ">
            <marc:subfield code="a">Fossum, Karin</marc:subfield>
            <marc:subfield code="4">aut</marc:subfield>
        </marc:datafield>
        <marc:datafield tag="245" ind1="1" ind2="0">
            <marc:subfield code="a">Döden skall du tåla</marc:subfield>
            <marc:subfield code="h">[Elektronisk resurs]</marc:subfield>
        </marc:datafield>
        <marc:datafield tag="264" ind1=" " ind2="1">
            <marc:subfield code="b">Bokförlaget Forum,</marc:subfield>
            <marc:subfield code="c">2015</marc:subfield>
        </marc:datafield>
        <marc:datafield tag="300" ind1=" " ind2=" ">
            <marc:subfield code="a">269 s.</marc:subfield>
        </marc:datafield>
        <marc:datafield tag="380" ind1=" " ind2=" ">
            <marc:subfield code="a">Deckare &amp; spänning</marc:subfield>
        </marc:datafield>
        <marc:datafield tag="500" ind1=" " ind2=" ">
            <marc:subfield code="5">Alve</marc:subfield>
            <marc:subfield code="a">Online epub (1.37 MB)</marc:subfield>
        </marc:datafield>
        <marc:datafield tag="500" ind1=" " ind2=" ">
            <marc:subfield code="5">Alve</marc:subfield>
            <marc:subfield code="a">Offline epub med Adobe-kryptering (1.37 MB)</marc:subfield>
        </marc:datafield>
        <marc:datafield tag="500" ind1=" " ind2=" ">
            <marc:subfield code="5">Arlo</marc:subfield>
            <marc:subfield code="a">Online epub (1.37 MB)</marc:subfield>
        </marc:datafield>
        <marc:datafield tag="500" ind1=" " ind2=" ">
            <marc:subfield code="5">Arlo</marc:subfield>
            <marc:subfield code="a">Offline epub med Adobe-kryptering (1.37 MB)</marc:subfield>
        </marc:datafield>
        <marc:datafield tag="500" ind1=" " ind2=" ">
            <marc:subfield code="5">BinE</marc:subfield>
            <marc:subfield code="a">Online epub (0.8 MB)</marc:subfield>
        </marc:datafield>
        <marc:datafield tag="500" ind1=" " ind2=" ">
            <marc:subfield code="5">BinE</marc:subfield>
            <marc:subfield code="a">Offline epub med Adobe-kryptering (0.8 MB)</marc:subfield>
        </marc:datafield>
        <marc:datafield tag="500" ind1=" " ind2=" ">
            <marc:subfield code="5">Biv</marc:subfield>
            <marc:subfield code="a">Online epub (0.8 MB)</marc:subfield>
        </marc:datafield>
        <marc:datafield tag="500" ind1=" " ind2=" ">
            <marc:subfield code="5">Biv</marc:subfield>
            <marc:subfield code="a">Offline epub med Adobe-kryptering (0.8 MB)</marc:subfield>
        </marc:datafield>
        <marc:datafield tag="500" ind1=" " ind2=" ">
            <marc:subfield code="5">BoE</marc:subfield>
            <marc:subfield code="a">Online epub (0.8 MB)</marc:subfield>
        </marc:datafield>
        <marc:datafield tag="500" ind1=" " ind2=" ">
            <marc:subfield code="5">BoE</marc:subfield>
            <marc:subfield code="a">Offline epub med Adobe-kryptering (0.8 MB)</marc:subfield>
        </marc:datafield>
        <marc:datafield tag="500" ind1=" " ind2=" ">
            <marc:subfield code="5">Dand</marc:subfield>
            <marc:subfield code="a">Online epub (1.37 MB)</marc:subfield>
        </marc:datafield>
        <marc:datafield tag="500" ind1=" " ind2=" ">
            <marc:subfield code="5">Dand</marc:subfield>
            <marc:subfield code="a">Offline epub med Adobe-kryptering (1.37 MB)</marc:subfield>
        </marc:datafield>
        <marc:datafield tag="500" ind1=" " ind2=" ">
            <marc:subfield code="5">Eble</marc:subfield>
            <marc:subfield code="a">Online epub (1.37 MB)</marc:subfield>
        </marc:datafield>
        <marc:datafield tag="500" ind1=" " ind2=" ">
            <marc:subfield code="5">Eble</marc:subfield>
            <marc:subfield code="a">Offline epub med Adobe-kryptering (1.37 MB)</marc:subfield>
        </marc:datafield>
        <marc:datafield tag="500" ind1=" " ind2=" ">
            <marc:subfield code="5">Elan</marc:subfield>
            <marc:subfield code="a">Online epub (0.8 MB)</marc:subfield>
        </marc:datafield>
        <marc:datafield tag="500" ind1=" " ind2=" ">
            <marc:subfield code="5">Elan</marc:subfield>
            <marc:subfield code="a">Offline epub med Adobe-kryptering (0.8 MB)</marc:subfield>
        </marc:datafield>
        <marc:datafield tag="500" ind1=" " ind2=" ">
            <marc:subfield code="5">Es1</marc:subfield>
            <marc:subfield code="a">Online epub (1.37 MB)</marc:subfield>
        </marc:datafield>
        <marc:datafield tag="500" ind1=" " ind2=" ">
            <marc:subfield code="5">Es1</marc:subfield>
            <marc:subfield code="a">Offline epub med Adobe-kryptering (1.37 MB)</marc:subfield>
        </marc:datafield>
        <marc:datafield tag="500" ind1=" " ind2=" ">
            <marc:subfield code="5">Eslo</marc:subfield>
            <marc:subfield code="a">Online epub (1.37 MB)</marc:subfield>
        </marc:datafield>
        <marc:datafield tag="500" ind1=" " ind2=" ">
            <marc:subfield code="5">Eslo</marc:subfield>
            <marc:subfield code="a">Offline epub med Adobe-kryptering (1.37 MB)</marc:subfield>
        </marc:datafield>
        <marc:datafield tag="500" ind1=" " ind2=" ">
            <marc:subfield code="5">Esno</marc:subfield>
            <marc:subfield code="a">Online epub (1.37 MB)</marc:subfield>
        </marc:datafield>
        <marc:datafield tag="500" ind1=" " ind2=" ">
            <marc:subfield code="5">Esno</marc:subfield>
            <marc:subfield code="a">Offline epub med Adobe-kryptering (1.37 MB)</marc:subfield>
        </marc:datafield>
        <marc:datafield tag="500" ind1=" " ind2=" ">
            <marc:subfield code="5">Esod</marc:subfield>
            <marc:subfield code="a">Online epub (1.37 MB)</marc:subfield>
        </marc:datafield>
        <marc:datafield tag="500" ind1=" " ind2=" ">
            <marc:subfield code="5">Esod</marc:subfield>
            <marc:subfield code="a">Offline epub med Adobe-kryptering (1.37 MB)</marc:subfield>
        </marc:datafield>
        <marc:datafield tag="500" ind1=" " ind2=" ">
            <marc:subfield code="5">Esso</marc:subfield>
            <marc:subfield code="a">Online epub (1.37 MB)</marc:subfield>
        </marc:datafield>
        <marc:datafield tag="500" ind1=" " ind2=" ">
            <marc:subfield code="5">Esso</marc:subfield>
            <marc:subfield code="a">Offline epub med Adobe-kryptering (1.37 MB)</marc:subfield>
        </marc:datafield>
        <marc:datafield tag="500" ind1=" " ind2=" ">
            <marc:subfield code="5">Fab</marc:subfield>
            <marc:subfield code="a">Online epub (1.37 MB)</marc:subfield>
        </marc:datafield>
        <marc:datafield tag="500" ind1=" " ind2=" ">
            <marc:subfield code="5">Fab</marc:subfield>
            <marc:subfield code="a">Offline epub med Adobe-kryptering (1.37 MB)</marc:subfield>
        </marc:datafield>
        <marc:datafield tag="500" ind1=" " ind2=" ">
            <marc:subfield code="5">Gnes</marc:subfield>
            <marc:subfield code="a">Online epub (0.8 MB)</marc:subfield>
        </marc:datafield>
        <marc:datafield tag="500" ind1=" " ind2=" ">
            <marc:subfield code="5">Gnes</marc:subfield>
            <marc:subfield code="a">Offline epub med Adobe-kryptering (0.8 MB)</marc:subfield>
        </marc:datafield>
        <marc:datafield tag="500" ind1=" " ind2=" ">
            <marc:subfield code="5">Gnos</marc:subfield>
            <marc:subfield code="a">Online epub (0.8 MB)</marc:subfield>
        </marc:datafield>
        <marc:datafield tag="500" ind1=" " ind2=" ">
            <marc:subfield code="5">Gnos</marc:subfield>
            <marc:subfield code="a">Offline epub med Adobe-kryptering (0.8 MB)</marc:subfield>
        </marc:datafield>
        <marc:datafield tag="500" ind1=" " ind2=" ">
            <marc:subfield code="5">Habo</marc:subfield>
            <marc:subfield code="a">Online epub (0.8 MB)</marc:subfield>
        </marc:datafield>
        <marc:datafield tag="500" ind1=" " ind2=" ">
            <marc:subfield code="5">Habo</marc:subfield>
            <marc:subfield code="a">Offline epub med Adobe-kryptering (0.8 MB)</marc:subfield>
        </marc:datafield>
        <marc:datafield tag="500" ind1=" " ind2=" ">
            <marc:subfield code="5">Hamn</marc:subfield>
            <marc:subfield code="a">Online epub (1.37 MB)</marc:subfield>
        </marc:datafield>
        <marc:datafield tag="500" ind1=" " ind2=" ">
            <marc:subfield code="5">Hamn</marc:subfield>
            <marc:subfield code="a">Offline epub med Adobe-kryptering (1.37 MB)</marc:subfield>
        </marc:datafield>
        <marc:datafield tag="500" ind1=" " ind2=" ">
            <marc:subfield code="5">Harj</marc:subfield>
            <marc:subfield code="a">Online epub (0.8 MB)</marc:subfield>
        </marc:datafield>
        <marc:datafield tag="500" ind1=" " ind2=" ">
            <marc:subfield code="5">Harj</marc:subfield>
            <marc:subfield code="a">Offline epub med Adobe-kryptering (0.8 MB)</marc:subfield>
        </marc:datafield>
        <marc:datafield tag="500" ind1=" " ind2=" ">
            <marc:subfield code="5">Hasb</marc:subfield>
            <marc:subfield code="a">Online epub (0.8 MB)</marc:subfield>
        </marc:datafield>
        <marc:datafield tag="500" ind1=" " ind2=" ">
            <marc:subfield code="5">Hasb</marc:subfield>
            <marc:subfield code="a">Offline epub med Adobe-kryptering (0.8 MB)</marc:subfield>
        </marc:datafield>
        <marc:datafield tag="500" ind1=" " ind2=" ">
            <marc:subfield code="5">Helg</marc:subfield>
            <marc:subfield code="a">Online epub (0.8 MB)</marc:subfield>
        </marc:datafield>
        <marc:datafield tag="500" ind1=" " ind2=" ">
            <marc:subfield code="5">Helg</marc:subfield>
            <marc:subfield code="a">Offline epub med Adobe-kryptering (0.8 MB)</marc:subfield>
        </marc:datafield>
        <marc:datafield tag="500" ind1=" " ind2=" ">
            <marc:subfield code="5">HibE</marc:subfield>
            <marc:subfield code="a">Online epub (0.8 MB)</marc:subfield>
        </marc:datafield>
        <marc:datafield tag="500" ind1=" " ind2=" ">
            <marc:subfield code="5">HibE</marc:subfield>
            <marc:subfield code="a">Offline epub med Adobe-kryptering (0.8 MB)</marc:subfield>
        </marc:datafield>
        <marc:datafield tag="500" ind1=" " ind2=" ">
            <marc:subfield code="5">Hoor</marc:subfield>
            <marc:subfield code="a">Online epub (1.37 MB)</marc:subfield>
        </marc:datafield>
        <marc:datafield tag="500" ind1=" " ind2=" ">
            <marc:subfield code="5">Hoor</marc:subfield>
            <marc:subfield code="a">Offline epub med Adobe-kryptering (1.37 MB)</marc:subfield>
        </marc:datafield>
        <marc:datafield tag="500" ind1=" " ind2=" ">
            <marc:subfield code="5">HsdE</marc:subfield>
            <marc:subfield code="a">Online epub (0.8 MB)</marc:subfield>
        </marc:datafield>
        <marc:datafield tag="500" ind1=" " ind2=" ">
            <marc:subfield code="5">HsdE</marc:subfield>
            <marc:subfield code="a">Offline epub med Adobe-kryptering (0.8 MB)</marc:subfield>
        </marc:datafield>
        <marc:datafield tag="500" ind1=" " ind2=" ">
            <marc:subfield code="5">Hudb</marc:subfield>
            <marc:subfield code="a">Online epub (0.8 MB)</marc:subfield>
        </marc:datafield>
        <marc:datafield tag="500" ind1=" " ind2=" ">
            <marc:subfield code="5">Hudb</marc:subfield>
            <marc:subfield code="a">Offline epub med Adobe-kryptering (0.8 MB)</marc:subfield>
        </marc:datafield>
        <marc:datafield tag="500" ind1=" " ind2=" ">
            <marc:subfield code="5">Jflb</marc:subfield>
            <marc:subfield code="a">Online epub (1.37 MB)</marc:subfield>
        </marc:datafield>
        <marc:datafield tag="500" ind1=" " ind2=" ">
            <marc:subfield code="5">Jflb</marc:subfield>
            <marc:subfield code="a">Offline epub med Adobe-kryptering (1.37 MB)</marc:subfield>
        </marc:datafield>
        <marc:datafield tag="500" ind1=" " ind2=" ">
            <marc:subfield code="5">Kavl</marc:subfield>
            <marc:subfield code="a">Online epub (1.37 MB)</marc:subfield>
        </marc:datafield>
        <marc:datafield tag="500" ind1=" " ind2=" ">
            <marc:subfield code="5">Kavl</marc:subfield>
            <marc:subfield code="a">Offline epub med Adobe-kryptering (1.37 MB)</marc:subfield>
        </marc:datafield>
        <marc:datafield tag="500" ind1=" " ind2=" ">
            <marc:subfield code="5">Kbb</marc:subfield>
            <marc:subfield code="a">Online epub (1.37 MB)</marc:subfield>
        </marc:datafield>
        <marc:datafield tag="500" ind1=" " ind2=" ">
            <marc:subfield code="5">Kbb</marc:subfield>
            <marc:subfield code="a">Offline epub med Adobe-kryptering (1.37 MB)</marc:subfield>
        </marc:datafield>
        <marc:datafield tag="500" ind1=" " ind2=" ">
            <marc:subfield code="5">Krkb</marc:subfield>
            <marc:subfield code="a">Online epub (0.8 MB)</marc:subfield>
        </marc:datafield>
        <marc:datafield tag="500" ind1=" " ind2=" ">
            <marc:subfield code="5">Krkb</marc:subfield>
            <marc:subfield code="a">Offline epub med Adobe-kryptering (0.8 MB)</marc:subfield>
        </marc:datafield>
        <marc:datafield tag="500" ind1=" " ind2=" ">
            <marc:subfield code="5">Kssb</marc:subfield>
            <marc:subfield code="a">Online epub (0.8 MB)</marc:subfield>
        </marc:datafield>
        <marc:datafield tag="500" ind1=" " ind2=" ">
            <marc:subfield code="5">Kssb</marc:subfield>
            <marc:subfield code="a">Offline epub med Adobe-kryptering (0.8 MB)</marc:subfield>
        </marc:datafield>
        <marc:datafield tag="500" ind1=" " ind2=" ">
            <marc:subfield code="5">Ld</marc:subfield>
            <marc:subfield code="a">Online epub (1.37 MB)</marc:subfield>
        </marc:datafield>
        <marc:datafield tag="500" ind1=" " ind2=" ">
            <marc:subfield code="5">Ld</marc:subfield>
            <marc:subfield code="a">Offline epub med Adobe-kryptering (1.37 MB)</marc:subfield>
        </marc:datafield>
        <marc:datafield tag="500" ind1=" " ind2=" ">
            <marc:subfield code="5">Less</marc:subfield>
            <marc:subfield code="a">Online epub (0.8 MB)</marc:subfield>
        </marc:datafield>
        <marc:datafield tag="500" ind1=" " ind2=" ">
            <marc:subfield code="5">Less</marc:subfield>
            <marc:subfield code="a">Offline epub med Adobe-kryptering (0.8 MB)</marc:subfield>
        </marc:datafield>
        <marc:datafield tag="500" ind1=" " ind2=" ">
            <marc:subfield code="5">Lisb</marc:subfield>
            <marc:subfield code="a">Online epub (0.8 MB)</marc:subfield>
        </marc:datafield>
        <marc:datafield tag="500" ind1=" " ind2=" ">
            <marc:subfield code="5">Lisb</marc:subfield>
            <marc:subfield code="a">Offline epub med Adobe-kryptering (0.8 MB)</marc:subfield>
        </marc:datafield>
        <marc:datafield tag="500" ind1=" " ind2=" ">
            <marc:subfield code="5">Ljun</marc:subfield>
            <marc:subfield code="a">Online epub (1.37 MB)</marc:subfield>
        </marc:datafield>
        <marc:datafield tag="500" ind1=" " ind2=" ">
            <marc:subfield code="5">Ljun</marc:subfield>
            <marc:subfield code="a">Offline epub med Adobe-kryptering (1.37 MB)</marc:subfield>
        </marc:datafield>
        <marc:datafield tag="500" ind1=" " ind2=" ">
            <marc:subfield code="5">Lvab</marc:subfield>
            <marc:subfield code="a">Online epub (1.37 MB)</marc:subfield>
        </marc:datafield>
        <marc:datafield tag="500" ind1=" " ind2=" ">
            <marc:subfield code="5">Lvab</marc:subfield>
            <marc:subfield code="a">Offline epub med Adobe-kryptering (1.37 MB)</marc:subfield>
        </marc:datafield>
        <marc:datafield tag="500" ind1=" " ind2=" ">
            <marc:subfield code="5">MoE</marc:subfield>
            <marc:subfield code="a">Online epub (0.8 MB)</marc:subfield>
        </marc:datafield>
        <marc:datafield tag="500" ind1=" " ind2=" ">
            <marc:subfield code="5">MoE</marc:subfield>
            <marc:subfield code="a">Offline epub med Adobe-kryptering (0.8 MB)</marc:subfield>
        </marc:datafield>
        <marc:datafield tag="500" ind1=" " ind2=" ">
            <marc:subfield code="5">Moln</marc:subfield>
            <marc:subfield code="a">Online epub (0.8 MB)</marc:subfield>
        </marc:datafield>
        <marc:datafield tag="500" ind1=" " ind2=" ">
            <marc:subfield code="5">Moln</marc:subfield>
            <marc:subfield code="a">Offline epub med Adobe-kryptering (0.8 MB)</marc:subfield>
        </marc:datafield>
        <marc:datafield tag="500" ind1=" " ind2=" ">
            <marc:subfield code="5">Munk</marc:subfield>
            <marc:subfield code="a">Online epub (1.37 MB)</marc:subfield>
        </marc:datafield>
        <marc:datafield tag="500" ind1=" " ind2=" ">
            <marc:subfield code="5">Munk</marc:subfield>
            <marc:subfield code="a">Offline epub med Adobe-kryptering (1.37 MB)</marc:subfield>
        </marc:datafield>
        <marc:datafield tag="500" ind1=" " ind2=" ">
            <marc:subfield code="5">Nafd</marc:subfield>
            <marc:subfield code="a">Online epub (1.37 MB)</marc:subfield>
        </marc:datafield>
        <marc:datafield tag="500" ind1=" " ind2=" ">
            <marc:subfield code="5">Nafd</marc:subfield>
            <marc:subfield code="a">Offline epub med Adobe-kryptering (1.37 MB)</marc:subfield>
        </marc:datafield>
        <marc:datafield tag="500" ind1=" " ind2=" ">
            <marc:subfield code="5">Nass</marc:subfield>
            <marc:subfield code="a">Online epub (0.8 MB)</marc:subfield>
        </marc:datafield>
        <marc:datafield tag="500" ind1=" " ind2=" ">
            <marc:subfield code="5">Nass</marc:subfield>
            <marc:subfield code="a">Offline epub med Adobe-kryptering (0.8 MB)</marc:subfield>
        </marc:datafield>
        <marc:datafield tag="500" ind1=" " ind2=" ">
            <marc:subfield code="5">Norr</marc:subfield>
            <marc:subfield code="a">Online epub (1.37 MB)</marc:subfield>
        </marc:datafield>
        <marc:datafield tag="500" ind1=" " ind2=" ">
            <marc:subfield code="5">Norr</marc:subfield>
            <marc:subfield code="a">Offline epub med Adobe-kryptering (1.37 MB)</marc:subfield>
        </marc:datafield>
        <marc:datafield tag="500" ind1=" " ind2=" ">
            <marc:subfield code="5">Okb</marc:subfield>
            <marc:subfield code="a">Online epub (0.8 MB)</marc:subfield>
        </marc:datafield>
        <marc:datafield tag="500" ind1=" " ind2=" ">
            <marc:subfield code="5">Okb</marc:subfield>
            <marc:subfield code="a">Offline epub med Adobe-kryptering (0.8 MB)</marc:subfield>
        </marc:datafield>
        <marc:datafield tag="500" ind1=" " ind2=" ">
            <marc:subfield code="5">Or1</marc:subfield>
            <marc:subfield code="a">Online epub (1.37 MB)</marc:subfield>
        </marc:datafield>
        <marc:datafield tag="500" ind1=" " ind2=" ">
            <marc:subfield code="5">Or1</marc:subfield>
            <marc:subfield code="a">Offline epub med Adobe-kryptering (1.37 MB)</marc:subfield>
        </marc:datafield>
        <marc:datafield tag="500" ind1=" " ind2=" ">
            <marc:subfield code="5">Os</marc:subfield>
            <marc:subfield code="a">Online epub (0.8 MB)</marc:subfield>
        </marc:datafield>
        <marc:datafield tag="500" ind1=" " ind2=" ">
            <marc:subfield code="5">Os</marc:subfield>
            <marc:subfield code="a">Offline epub med Adobe-kryptering (0.8 MB)</marc:subfield>
        </marc:datafield>
        <marc:datafield tag="500" ind1=" " ind2=" ">
            <marc:subfield code="5">Oxel</marc:subfield>
            <marc:subfield code="a">Online epub (0.8 MB)</marc:subfield>
        </marc:datafield>
        <marc:datafield tag="500" ind1=" " ind2=" ">
            <marc:subfield code="5">Oxel</marc:subfield>
            <marc:subfield code="a">Offline epub med Adobe-kryptering (0.8 MB)</marc:subfield>
        </marc:datafield>
        <marc:datafield tag="500" ind1=" " ind2=" ">
            <marc:subfield code="5">Part</marc:subfield>
            <marc:subfield code="a">Online epub (1.37 MB)</marc:subfield>
        </marc:datafield>
        <marc:datafield tag="500" ind1=" " ind2=" ">
            <marc:subfield code="5">Part</marc:subfield>
            <marc:subfield code="a">Offline epub med Adobe-kryptering (1.37 MB)</marc:subfield>
        </marc:datafield>
        <marc:datafield tag="500" ind1=" " ind2=" ">
            <marc:subfield code="5">Skfb</marc:subfield>
            <marc:subfield code="a">Online epub (1.37 MB)</marc:subfield>
        </marc:datafield>
        <marc:datafield tag="500" ind1=" " ind2=" ">
            <marc:subfield code="5">Skfb</marc:subfield>
            <marc:subfield code="a">Offline epub med Adobe-kryptering (1.37 MB)</marc:subfield>
        </marc:datafield>
        <marc:datafield tag="500" ind1=" " ind2=" ">
            <marc:subfield code="5">Skkf</marc:subfield>
            <marc:subfield code="a">Online epub (1.37 MB)</marc:subfield>
        </marc:datafield>
        <marc:datafield tag="500" ind1=" " ind2=" ">
            <marc:subfield code="5">Skkf</marc:subfield>
            <marc:subfield code="a">Offline epub med Adobe-kryptering (1.37 MB)</marc:subfield>
        </marc:datafield>
        <marc:datafield tag="500" ind1=" " ind2=" ">
            <marc:subfield code="5">Sob</marc:subfield>
            <marc:subfield code="a">Online epub (1.37 MB)</marc:subfield>
        </marc:datafield>
        <marc:datafield tag="500" ind1=" " ind2=" ">
            <marc:subfield code="5">Sob</marc:subfield>
            <marc:subfield code="a">Offline epub med Adobe-kryptering (1.37 MB)</marc:subfield>
        </marc:datafield>
        <marc:datafield tag="500" ind1=" " ind2=" ">
            <marc:subfield code="5">Solb</marc:subfield>
            <marc:subfield code="a">Online epub (1.37 MB)</marc:subfield>
        </marc:datafield>
        <marc:datafield tag="500" ind1=" " ind2=" ">
            <marc:subfield code="5">Solb</marc:subfield>
            <marc:subfield code="a">Offline epub med Adobe-kryptering (1.37 MB)</marc:subfield>
        </marc:datafield>
        <marc:datafield tag="500" ind1=" " ind2=" ">
            <marc:subfield code="5">Soll</marc:subfield>
            <marc:subfield code="a">Online epub (0.8 MB)</marc:subfield>
        </marc:datafield>
        <marc:datafield tag="500" ind1=" " ind2=" ">
            <marc:subfield code="5">Soll</marc:subfield>
            <marc:subfield code="a">Offline epub med Adobe-kryptering (0.8 MB)</marc:subfield>
        </marc:datafield>
        <marc:datafield tag="500" ind1=" " ind2=" ">
            <marc:subfield code="5">SsbE</marc:subfield>
            <marc:subfield code="a">Online epub (0.8 MB)</marc:subfield>
        </marc:datafield>
        <marc:datafield tag="500" ind1=" " ind2=" ">
            <marc:subfield code="5">SsbE</marc:subfield>
            <marc:subfield code="a">Offline epub med Adobe-kryptering (0.8 MB)</marc:subfield>
        </marc:datafield>
        <marc:datafield tag="500" ind1=" " ind2=" ">
            <marc:subfield code="5">Staf</marc:subfield>
            <marc:subfield code="a">Online epub (1.37 MB)</marc:subfield>
        </marc:datafield>
        <marc:datafield tag="500" ind1=" " ind2=" ">
            <marc:subfield code="5">Staf</marc:subfield>
            <marc:subfield code="a">Offline epub med Adobe-kryptering (1.37 MB)</marc:subfield>
        </marc:datafield>
        <marc:datafield tag="500" ind1=" " ind2=" ">
            <marc:subfield code="5">Sten</marc:subfield>
            <marc:subfield code="a">Online epub (1.37 MB)</marc:subfield>
        </marc:datafield>
        <marc:datafield tag="500" ind1=" " ind2=" ">
            <marc:subfield code="5">Sten</marc:subfield>
            <marc:subfield code="a">Offline epub med Adobe-kryptering (1.37 MB)</marc:subfield>
        </marc:datafield>
        <marc:datafield tag="500" ind1=" " ind2=" ">
            <marc:subfield code="5">Stra</marc:subfield>
            <marc:subfield code="a">Online epub (1.37 MB)</marc:subfield>
        </marc:datafield>
        <marc:datafield tag="500" ind1=" " ind2=" ">
            <marc:subfield code="5">Stra</marc:subfield>
            <marc:subfield code="a">Offline epub med Adobe-kryptering (1.37 MB)</marc:subfield>
        </marc:datafield>
        <marc:datafield tag="500" ind1=" " ind2=" ">
            <marc:subfield code="5">Sund</marc:subfield>
            <marc:subfield code="a">Online epub (1.37 MB)</marc:subfield>
        </marc:datafield>
        <marc:datafield tag="500" ind1=" " ind2=" ">
            <marc:subfield code="5">Sund</marc:subfield>
            <marc:subfield code="a">Offline epub med Adobe-kryptering (1.37 MB)</marc:subfield>
        </marc:datafield>
        <marc:datafield tag="500" ind1=" " ind2=" ">
            <marc:subfield code="5">Svl</marc:subfield>
            <marc:subfield code="a">Online epub (1.37 MB)</marc:subfield>
        </marc:datafield>
        <marc:datafield tag="500" ind1=" " ind2=" ">
            <marc:subfield code="5">Svl</marc:subfield>
            <marc:subfield code="a">Offline epub med Adobe-kryptering (1.37 MB)</marc:subfield>
        </marc:datafield>
        <marc:datafield tag="500" ind1=" " ind2=" ">
            <marc:subfield code="5">Taby</marc:subfield>
            <marc:subfield code="a">Online epub (1.37 MB)</marc:subfield>
        </marc:datafield>
        <marc:datafield tag="500" ind1=" " ind2=" ">
            <marc:subfield code="5">Taby</marc:subfield>
            <marc:subfield code="a">Offline epub med Adobe-kryptering (1.37 MB)</marc:subfield>
        </marc:datafield>
        <marc:datafield tag="500" ind1=" " ind2=" ">
            <marc:subfield code="5">Tanu</marc:subfield>
            <marc:subfield code="a">Online epub (1.37 MB)</marc:subfield>
        </marc:datafield>
        <marc:datafield tag="500" ind1=" " ind2=" ">
            <marc:subfield code="5">Tanu</marc:subfield>
            <marc:subfield code="a">Offline epub med Adobe-kryptering (1.37 MB)</marc:subfield>
        </marc:datafield>
        <marc:datafield tag="500" ind1=" " ind2=" ">
            <marc:subfield code="5">TimE</marc:subfield>
            <marc:subfield code="a">Online epub (0.8 MB)</marc:subfield>
        </marc:datafield>
        <marc:datafield tag="500" ind1=" " ind2=" ">
            <marc:subfield code="5">TimE</marc:subfield>
            <marc:subfield code="a">Offline epub med Adobe-kryptering (0.8 MB)</marc:subfield>
        </marc:datafield>
        <marc:datafield tag="500" ind1=" " ind2=" ">
            <marc:subfield code="5">Tkb</marc:subfield>
            <marc:subfield code="a">Online epub (0.8 MB)</marc:subfield>
        </marc:datafield>
        <marc:datafield tag="500" ind1=" " ind2=" ">
            <marc:subfield code="5">Tkb</marc:subfield>
            <marc:subfield code="a">Offline epub med Adobe-kryptering (0.8 MB)</marc:subfield>
        </marc:datafield>
        <marc:datafield tag="500" ind1=" " ind2=" ">
            <marc:subfield code="5">Trel</marc:subfield>
            <marc:subfield code="a">Online epub (0.8 MB)</marc:subfield>
        </marc:datafield>
        <marc:datafield tag="500" ind1=" " ind2=" ">
            <marc:subfield code="5">Trel</marc:subfield>
            <marc:subfield code="a">Offline epub med Adobe-kryptering (0.8 MB)</marc:subfield>
        </marc:datafield>
        <marc:datafield tag="500" ind1=" " ind2=" ">
            <marc:subfield code="5">Tykb</marc:subfield>
            <marc:subfield code="a">Online epub (1.37 MB)</marc:subfield>
        </marc:datafield>
        <marc:datafield tag="500" ind1=" " ind2=" ">
            <marc:subfield code="5">Tykb</marc:subfield>
            <marc:subfield code="a">Offline epub med Adobe-kryptering (1.37 MB)</marc:subfield>
        </marc:datafield>
        <marc:datafield tag="500" ind1=" " ind2=" ">
            <marc:subfield code="5">Udd</marc:subfield>
            <marc:subfield code="a">Online epub (0.8 MB)</marc:subfield>
        </marc:datafield>
        <marc:datafield tag="500" ind1=" " ind2=" ">
            <marc:subfield code="5">Udd</marc:subfield>
            <marc:subfield code="a">Offline epub med Adobe-kryptering (0.8 MB)</marc:subfield>
        </marc:datafield>
        <marc:datafield tag="500" ind1=" " ind2=" ">
            <marc:subfield code="5">Um</marc:subfield>
            <marc:subfield code="a">Online epub (0.8 MB)</marc:subfield>
        </marc:datafield>
        <marc:datafield tag="500" ind1=" " ind2=" ">
            <marc:subfield code="5">Um</marc:subfield>
            <marc:subfield code="a">Offline epub med Adobe-kryptering (0.8 MB)</marc:subfield>
        </marc:datafield>
        <marc:datafield tag="500" ind1=" " ind2=" ">
            <marc:subfield code="5">Vane</marc:subfield>
            <marc:subfield code="a">Online epub (1.37 MB)</marc:subfield>
        </marc:datafield>
        <marc:datafield tag="500" ind1=" " ind2=" ">
            <marc:subfield code="5">Vane</marc:subfield>
            <marc:subfield code="a">Offline epub med Adobe-kryptering (1.37 MB)</marc:subfield>
        </marc:datafield>
        <marc:datafield tag="500" ind1=" " ind2=" ">
            <marc:subfield code="5">Vaxh</marc:subfield>
            <marc:subfield code="a">Online epub (1.37 MB)</marc:subfield>
        </marc:datafield>
        <marc:datafield tag="500" ind1=" " ind2=" ">
            <marc:subfield code="5">Vaxh</marc:subfield>
            <marc:subfield code="a">Offline epub med Adobe-kryptering (1.37 MB)</marc:subfield>
        </marc:datafield>
        <marc:datafield tag="500" ind1=" " ind2=" ">
            <marc:subfield code="5">Vell</marc:subfield>
            <marc:subfield code="a">Online epub (1.37 MB)</marc:subfield>
        </marc:datafield>
        <marc:datafield tag="500" ind1=" " ind2=" ">
            <marc:subfield code="5">Vell</marc:subfield>
            <marc:subfield code="a">Offline epub med Adobe-kryptering (1.37 MB)</marc:subfield>
        </marc:datafield>
        <marc:datafield tag="500" ind1=" " ind2=" ">
            <marc:subfield code="5">Vlib</marc:subfield>
            <marc:subfield code="a">Online epub (0.8 MB)</marc:subfield>
        </marc:datafield>
        <marc:datafield tag="500" ind1=" " ind2=" ">
            <marc:subfield code="5">Vlib</marc:subfield>
            <marc:subfield code="a">Offline epub med Adobe-kryptering (0.8 MB)</marc:subfield>
        </marc:datafield>
        <marc:datafield tag="520" ind1=" " ind2=" ">
            <marc:subfield code="a">Tionde romanen med kommissarie Sejer!Den strävsamme Konrad Sejer är på plats igen, liksom hans trogna hund Frank och den charmerande assistenten Skarre. Norges mest prisade spänningsförfattare skämmer återigen bort oss med en psykologisk thriller som går djupt in under huden.Det är en varm sensommardag i ett norskt villaområde. Barn hoppar på studsmattor, vuxna slöar i solstolar, någon målar ett staket och en annan tvättar bilen. En ung mamma har lagt sin bäbis i vagnen att sova middag under ett träd i hagen. Hon känner sig helt trygg och vet att hon genast skulle höra om något hände barnet. Men när en person kommer fram ur skogen och drar av det lilla täcket märker hon ingenting.I ren panik anländer mamman till akuten, hon har hittat barnet i en pöl av blod i vagnen, men läkarna är förbryllade för flickan har inte minsta sår på kroppen. Någon har utsatt dem för ett djävulskt spratt.Samma dag hittar kriminalkommissarie Konrad Sejer ett kort utanför sin dörr där det står Helvetet börjar nu! Detta blir upptakten till en rad bisarra händelser i trakten.Karin Fossum är mästare på att skapa oförglömliga porträtt av de små människorna som ofta glöms bort. Så även denna gång. Förpackad i en till synes ganska enkel och vardaglig historia mejslar hon fram en gastkramande psykologisk thriller med karaktärer som dröjer sig kvar länge efteråt.&quot;Karin Fossum skriver lika lekande lätt och elegant som en gång Astrid Lindgren, så att det sjunger om språket och läsningen blir en njutningsfylld glädje. ... 'Döden skall du tåla' är en av hennes mest läsvärda, en sammanhållen klangfull sorgesång över människans villkor, i otäckt ljusa toner.&quot; Dagens Nyheter&quot;Jag har ännu inte läst en roman av Karin Fossum som jag inte helhjärtat kan rekommendera till alla andra som uppskattar spänningsromaner med psykologisk skärpa. 'Döden skall du tåla' är inget undantag. &quot; BokhoraÖversättare:Helena Örnkloo,Översättare:Ulf Örnkloo,Omslagsformgivare:Nina Leino PdeR [Elib]</marc:subfield>
        </marc:datafield>
        <marc:datafield tag="599" ind1=" " ind2=" ">
            <marc:subfield code="a">Ändrad av Elib 2016-06-07</marc:subfield>
        </marc:datafield>
        <marc:datafield tag="700" ind1="1" ind2=" ">
            <marc:subfield code="a">Örnkloo, Helena</marc:subfield>
            <marc:subfield code="4">trl</marc:subfield>
        </marc:datafield>
        <marc:datafield tag="700" ind1="1" ind2=" ">
            <marc:subfield code="a">Örnkloo, Ulf</marc:subfield>
            <marc:subfield code="4">trl</marc:subfield>
        </marc:datafield>
        <marc:datafield tag="700" ind1="1" ind2=" ">
            <marc:subfield code="a">Leino, Nina</marc:subfield>
            <marc:subfield code="4">oth</marc:subfield>
        </marc:datafield>
        <marc:datafield tag="856" ind1="4" ind2="2">
            <marc:subfield code="u">https://images.elib.se/cover/1028426/1028426_201511121808.jpg</marc:subfield>
            <marc:subfield code="x">digipic</marc:subfield>
            <marc:subfield code="z">Omslagsbild</marc:subfield>
        </marc:datafield>
        <marc:datafield tag="856" ind1="4" ind2="2">
            <marc:subfield code="5">Hamn</marc:subfield>
            <marc:subfield code="u">https://bibliotek.ranrike.se/digitala-biblioteket</marc:subfield>
            <marc:subfield code="x">origin:Elib</marc:subfield>
            <marc:subfield code="z">Låna från ditt bibliotek. Lånekort krävs.</marc:subfield>
        </marc:datafield>
        <marc:datafield tag="856" ind1="4" ind2="2">
            <marc:subfield code="5">HibE</marc:subfield>
            <marc:subfield code="u">http://hb.elib.se/Books/Details/1028426</marc:subfield>
            <marc:subfield code="x">origin:Elib</marc:subfield>
            <marc:subfield code="z">Låna från ditt bibliotek. Lånekort krävs.</marc:subfield>
        </marc:datafield>
        <marc:datafield tag="856" ind1="4" ind2="2">
            <marc:subfield code="5">MoE</marc:subfield>
            <marc:subfield code="u">http://malmo.elib.se/Books/Details/1028426</marc:subfield>
            <marc:subfield code="x">origin:Elib</marc:subfield>
            <marc:subfield code="z">Låna från ditt bibliotek. Lånekort krävs.</marc:subfield>
        </marc:datafield>
        <marc:datafield tag="856" ind1="4" ind2="2">
            <marc:subfield code="5">Munk</marc:subfield>
            <marc:subfield code="u">https://bibliotek.ranrike.se/digitala-biblioteket</marc:subfield>
            <marc:subfield code="x">origin:Elib</marc:subfield>
            <marc:subfield code="z">Låna från ditt bibliotek. Lånekort krävs.</marc:subfield>
        </marc:datafield>
        <marc:datafield tag="856" ind1="4" ind2="2">
            <marc:subfield code="5">Skkf</marc:subfield>
            <marc:subfield code="u">https://bibliotek.ranrike.se/digitala-biblioteket</marc:subfield>
            <marc:subfield code="x">origin:Elib</marc:subfield>
            <marc:subfield code="z">Låna från ditt bibliotek. Lånekort krävs.</marc:subfield>
        </marc:datafield>
        <marc:datafield tag="856" ind1="4" ind2="2">
            <marc:subfield code="5">Tanu</marc:subfield>
            <marc:subfield code="u">https://bibliotek.ranrike.se/digitala-biblioteket</marc:subfield>
            <marc:subfield code="x">origin:Elib</marc:subfield>
            <marc:subfield code="z">Låna från ditt bibliotek. Lånekort krävs.</marc:subfield>
        </marc:datafield>
    </marc:record>