
    <marc:record>
        <marc:leader>01975cim a22002898i 4500</marc:leader>
        <marc:controlfield tag="001">q2cc6cd8n34frr3l</marc:controlfield>
        <marc:controlfield tag="003">SE-LIBR</marc:controlfield>
        <marc:controlfield tag="005">20220906080140.0</marc:controlfield>
        <marc:controlfield tag="007">cr |||   |||||         </marc:controlfield>
        <marc:controlfield tag="008">200526s2020    sw | |||o||||||   | swe|d</marc:controlfield>
        <marc:datafield tag="020" ind1=" " ind2=" ">
            <marc:subfield code="a">9789176515235</marc:subfield>
        </marc:datafield>
        <marc:datafield tag="035" ind1=" " ind2=" ">
            <marc:subfield code="a">(BOKR)9789176515235</marc:subfield>
        </marc:datafield>
        <marc:datafield tag="040" ind1=" " ind2=" ">
            <marc:subfield code="a">BOKR</marc:subfield>
            <marc:subfield code="e">i</marc:subfield>
        </marc:datafield>
        <marc:datafield tag="041" ind1="1" ind2=" ">
            <marc:subfield code="a">swe</marc:subfield>
            <marc:subfield code="h">nor</marc:subfield>
        </marc:datafield>
        <marc:datafield tag="100" ind1="1" ind2=" ">
            <marc:subfield code="a">Fossum, Karin</marc:subfield>
            <marc:subfield code="4">aut</marc:subfield>
        </marc:datafield>
        <marc:datafield tag="240" ind1="1" ind2="0">
            <marc:subfield code="a">Djevelen holder lyset</marc:subfield>
            <marc:subfield code="l">Svenska</marc:subfield>
        </marc:datafield>
        <marc:datafield tag="245" ind1="1" ind2="0">
            <marc:subfield code="a">När djävulen håller ljuset</marc:subfield>
        </marc:datafield>
        <marc:datafield tag="263" ind1=" " ind2=" ">
            <marc:subfield code="a">202006</marc:subfield>
        </marc:datafield>
        <marc:datafield tag="264" ind1=" " ind2="1">
            <marc:subfield code="b">Bonnier Audio,</marc:subfield>
            <marc:subfield code="c">2020</marc:subfield>
        </marc:datafield>
        <marc:datafield tag="300" ind1=" " ind2=" ">
            <marc:subfield code="a">8 tim., 36 min.</marc:subfield>
        </marc:datafield>
        <marc:datafield tag="490" ind1="0" ind2=" ">
            <marc:subfield code="a">Konrad Sejer</marc:subfield>
        </marc:datafield>
        <marc:datafield tag="520" ind1=" " ind2=" ">
            <marc:subfield code="a">En oroväckande och djävulskt spännande berättelse!     När djävulen håller ljuset ser ingen klart, och när han gör det för den 60-åriga Irma som lever ensam och isolerad blir hennes sinne förmörkat. Och när djävulen håller ljuset kan en ung man ramla nerför en källartrappa och så småningom dö där nere.     I en raffinerat uppbyggd roman med en ständigt ökande psykologisk spänning berättar Karin Fossum om Irma, om två unga män som driver omkring och begår småbrott och om en ung man som i fyllan och villan skjuter sin flickvän. Poliskommissarie Konrad Sejer får ett förbryllande fall att ta hand om som han så småningom löser på sitt lugna, kloka sätt, assisterad av den unge och ivrige Jacob Skarre. Samtidigt försöker Sejer reda ut sina känslor för psykologen Sara som för in en orolig fläkt in hans stillsamma privatliv. När djävulen håller ljuset är Karin Fossums fjärde kriminalroman. För de tre tidigare har hon fått flera priser. Se dig inte om! kunde ses som lovprisad TV-serie våren 2000.</marc:subfield>
        </marc:datafield>
        <marc:datafield tag="599" ind1=" " ind2=" ">
            <marc:subfield code="a">Maskinellt genererad post. Ändra kod för fullständighetsnivå (leader/17), annars kommer manuellt gjorda ändringar att försvinna.</marc:subfield>
        </marc:datafield>
        <marc:datafield tag="655" ind1=" " ind2="7">
            <marc:subfield code="a">Ljudböcker</marc:subfield>
            <marc:subfield code="0">https://id.kb.se/term/saogf/Ljudb%C3%B6cker</marc:subfield>
            <marc:subfield code="2">saogf</marc:subfield>
        </marc:datafield>
        <marc:datafield tag="700" ind1="1" ind2=" ">
            <marc:subfield code="a">Örnkloo, Ulf</marc:subfield>
            <marc:subfield code="4">trl</marc:subfield>
        </marc:datafield>
        <marc:datafield tag="700" ind1="1" ind2=" ">
            <marc:subfield code="a">Örnkloo, Helena</marc:subfield>
            <marc:subfield code="4">trl</marc:subfield>
        </marc:datafield>
        <marc:datafield tag="700" ind1="1" ind2=" ">
            <marc:subfield code="a">Wahlund, Torsten</marc:subfield>
            <marc:subfield code="4">nrt</marc:subfield>
        </marc:datafield>
    </marc:record>