
    <marc:record>
        <marc:leader>13810cam a22028213a 4500</marc:leader>
        <marc:controlfield tag="001">17417869</marc:controlfield>
        <marc:controlfield tag="003">SE-LIBR</marc:controlfield>
        <marc:controlfield tag="005">20160906193346.0</marc:controlfield>
        <marc:controlfield tag="007">cr |||   |||||         </marc:controlfield>
        <marc:controlfield tag="008">150122s2015    sw |||||o|||||000 f|swe|d</marc:controlfield>
        <marc:datafield tag="020" ind1=" " ind2=" ">
            <marc:subfield code="a">9789137143842</marc:subfield>
        </marc:datafield>
        <marc:datafield tag="024" ind1="7" ind2=" ">
            <marc:subfield code="5">Alve</marc:subfield>
            <marc:subfield code="a">1028425</marc:subfield>
            <marc:subfield code="2">Distributör: Elib</marc:subfield>
        </marc:datafield>
        <marc:datafield tag="024" ind1="7" ind2=" ">
            <marc:subfield code="5">Arlo</marc:subfield>
            <marc:subfield code="a">1028425</marc:subfield>
            <marc:subfield code="2">Distributör: Elib</marc:subfield>
        </marc:datafield>
        <marc:datafield tag="024" ind1="7" ind2=" ">
            <marc:subfield code="5">BinE</marc:subfield>
            <marc:subfield code="a">1028425</marc:subfield>
            <marc:subfield code="2">Distributör: Elib</marc:subfield>
        </marc:datafield>
        <marc:datafield tag="024" ind1="7" ind2=" ">
            <marc:subfield code="5">Biv</marc:subfield>
            <marc:subfield code="a">1028425</marc:subfield>
            <marc:subfield code="2">Distributör: Elib</marc:subfield>
        </marc:datafield>
        <marc:datafield tag="024" ind1="7" ind2=" ">
            <marc:subfield code="5">BoE</marc:subfield>
            <marc:subfield code="a">1028425</marc:subfield>
            <marc:subfield code="2">Distributör: Elib</marc:subfield>
        </marc:datafield>
        <marc:datafield tag="024" ind1="7" ind2=" ">
            <marc:subfield code="5">Dand</marc:subfield>
            <marc:subfield code="a">1028425</marc:subfield>
            <marc:subfield code="2">Distributör: Elib</marc:subfield>
        </marc:datafield>
        <marc:datafield tag="024" ind1="7" ind2=" ">
            <marc:subfield code="5">Eble</marc:subfield>
            <marc:subfield code="a">1028425</marc:subfield>
            <marc:subfield code="2">Distributör: Elib</marc:subfield>
        </marc:datafield>
        <marc:datafield tag="024" ind1="7" ind2=" ">
            <marc:subfield code="5">Elan</marc:subfield>
            <marc:subfield code="a">1028425</marc:subfield>
            <marc:subfield code="2">Distributör: Elib</marc:subfield>
        </marc:datafield>
        <marc:datafield tag="024" ind1="7" ind2=" ">
            <marc:subfield code="5">Elib</marc:subfield>
            <marc:subfield code="a">1028425</marc:subfield>
            <marc:subfield code="2">Distributör: Elib</marc:subfield>
        </marc:datafield>
        <marc:datafield tag="024" ind1="7" ind2=" ">
            <marc:subfield code="5">Es1</marc:subfield>
            <marc:subfield code="a">1028425</marc:subfield>
            <marc:subfield code="2">Distributör: Elib</marc:subfield>
        </marc:datafield>
        <marc:datafield tag="024" ind1="7" ind2=" ">
            <marc:subfield code="5">Eslo</marc:subfield>
            <marc:subfield code="a">1028425</marc:subfield>
            <marc:subfield code="2">Distributör: Elib</marc:subfield>
        </marc:datafield>
        <marc:datafield tag="024" ind1="7" ind2=" ">
            <marc:subfield code="5">Esno</marc:subfield>
            <marc:subfield code="a">1028425</marc:subfield>
            <marc:subfield code="2">Distributör: Elib</marc:subfield>
        </marc:datafield>
        <marc:datafield tag="024" ind1="7" ind2=" ">
            <marc:subfield code="5">Esod</marc:subfield>
            <marc:subfield code="a">1028425</marc:subfield>
            <marc:subfield code="2">Distributör: Elib</marc:subfield>
        </marc:datafield>
        <marc:datafield tag="024" ind1="7" ind2=" ">
            <marc:subfield code="5">Esso</marc:subfield>
            <marc:subfield code="a">1028425</marc:subfield>
            <marc:subfield code="2">Distributör: Elib</marc:subfield>
        </marc:datafield>
        <marc:datafield tag="024" ind1="7" ind2=" ">
            <marc:subfield code="5">Fab</marc:subfield>
            <marc:subfield code="a">1028425</marc:subfield>
            <marc:subfield code="2">Distributör: Elib</marc:subfield>
        </marc:datafield>
        <marc:datafield tag="024" ind1="7" ind2=" ">
            <marc:subfield code="5">Gnes</marc:subfield>
            <marc:subfield code="a">1028425</marc:subfield>
            <marc:subfield code="2">Distributör: Elib</marc:subfield>
        </marc:datafield>
        <marc:datafield tag="024" ind1="7" ind2=" ">
            <marc:subfield code="5">Gnos</marc:subfield>
            <marc:subfield code="a">1028425</marc:subfield>
            <marc:subfield code="2">Distributör: Elib</marc:subfield>
        </marc:datafield>
        <marc:datafield tag="024" ind1="7" ind2=" ">
            <marc:subfield code="5">Habo</marc:subfield>
            <marc:subfield code="a">1028425</marc:subfield>
            <marc:subfield code="2">Distributör: Elib</marc:subfield>
        </marc:datafield>
        <marc:datafield tag="024" ind1="7" ind2=" ">
            <marc:subfield code="5">Hamn</marc:subfield>
            <marc:subfield code="a">1028425</marc:subfield>
            <marc:subfield code="2">Distributör: Elib</marc:subfield>
        </marc:datafield>
        <marc:datafield tag="024" ind1="7" ind2=" ">
            <marc:subfield code="5">Harj</marc:subfield>
            <marc:subfield code="a">1028425</marc:subfield>
            <marc:subfield code="2">Distributör: Elib</marc:subfield>
        </marc:datafield>
        <marc:datafield tag="024" ind1="7" ind2=" ">
            <marc:subfield code="5">Hasb</marc:subfield>
            <marc:subfield code="a">1028425</marc:subfield>
            <marc:subfield code="2">Distributör: Elib</marc:subfield>
        </marc:datafield>
        <marc:datafield tag="024" ind1="7" ind2=" ">
            <marc:subfield code="5">Helg</marc:subfield>
            <marc:subfield code="a">1028425</marc:subfield>
            <marc:subfield code="2">Distributör: Elib</marc:subfield>
        </marc:datafield>
        <marc:datafield tag="024" ind1="7" ind2=" ">
            <marc:subfield code="5">HibE</marc:subfield>
            <marc:subfield code="a">1028425</marc:subfield>
            <marc:subfield code="2">Distributör: Elib</marc:subfield>
        </marc:datafield>
        <marc:datafield tag="024" ind1="7" ind2=" ">
            <marc:subfield code="5">Hoor</marc:subfield>
            <marc:subfield code="a">1028425</marc:subfield>
            <marc:subfield code="2">Distributör: Elib</marc:subfield>
        </marc:datafield>
        <marc:datafield tag="024" ind1="7" ind2=" ">
            <marc:subfield code="5">HsdE</marc:subfield>
            <marc:subfield code="a">1028425</marc:subfield>
            <marc:subfield code="2">Distributör: Elib</marc:subfield>
        </marc:datafield>
        <marc:datafield tag="024" ind1="7" ind2=" ">
            <marc:subfield code="5">Hudb</marc:subfield>
            <marc:subfield code="a">1028425</marc:subfield>
            <marc:subfield code="2">Distributör: Elib</marc:subfield>
        </marc:datafield>
        <marc:datafield tag="024" ind1="7" ind2=" ">
            <marc:subfield code="5">Jflb</marc:subfield>
            <marc:subfield code="a">1028425</marc:subfield>
            <marc:subfield code="2">Distributör: Elib</marc:subfield>
        </marc:datafield>
        <marc:datafield tag="024" ind1="7" ind2=" ">
            <marc:subfield code="5">Kavl</marc:subfield>
            <marc:subfield code="a">1028425</marc:subfield>
            <marc:subfield code="2">Distributör: Elib</marc:subfield>
        </marc:datafield>
        <marc:datafield tag="024" ind1="7" ind2=" ">
            <marc:subfield code="5">Kbb</marc:subfield>
            <marc:subfield code="a">1028425</marc:subfield>
            <marc:subfield code="2">Distributör: Elib</marc:subfield>
        </marc:datafield>
        <marc:datafield tag="024" ind1="7" ind2=" ">
            <marc:subfield code="5">Krkb</marc:subfield>
            <marc:subfield code="a">1028425</marc:subfield>
            <marc:subfield code="2">Distributör: Elib</marc:subfield>
        </marc:datafield>
        <marc:datafield tag="024" ind1="7" ind2=" ">
            <marc:subfield code="5">Kssb</marc:subfield>
            <marc:subfield code="a">1028425</marc:subfield>
            <marc:subfield code="2">Distributör: Elib</marc:subfield>
        </marc:datafield>
        <marc:datafield tag="024" ind1="7" ind2=" ">
            <marc:subfield code="5">Ld</marc:subfield>
            <marc:subfield code="a">1028425</marc:subfield>
            <marc:subfield code="2">Distributör: Elib</marc:subfield>
        </marc:datafield>
        <marc:datafield tag="024" ind1="7" ind2=" ">
            <marc:subfield code="5">Less</marc:subfield>
            <marc:subfield code="a">1028425</marc:subfield>
            <marc:subfield code="2">Distributör: Elib</marc:subfield>
        </marc:datafield>
        <marc:datafield tag="024" ind1="7" ind2=" ">
            <marc:subfield code="5">Lisb</marc:subfield>
            <marc:subfield code="a">1028425</marc:subfield>
            <marc:subfield code="2">Distributör: Elib</marc:subfield>
        </marc:datafield>
        <marc:datafield tag="024" ind1="7" ind2=" ">
            <marc:subfield code="5">Ljun</marc:subfield>
            <marc:subfield code="a">1028425</marc:subfield>
            <marc:subfield code="2">Distributör: Elib</marc:subfield>
        </marc:datafield>
        <marc:datafield tag="024" ind1="7" ind2=" ">
            <marc:subfield code="5">Lvab</marc:subfield>
            <marc:subfield code="a">1028425</marc:subfield>
            <marc:subfield code="2">Distributör: Elib</marc:subfield>
        </marc:datafield>
        <marc:datafield tag="024" ind1="7" ind2=" ">
            <marc:subfield code="5">MoE</marc:subfield>
            <marc:subfield code="a">1028425</marc:subfield>
            <marc:subfield code="2">Distributör: Elib</marc:subfield>
        </marc:datafield>
        <marc:datafield tag="024" ind1="7" ind2=" ">
            <marc:subfield code="5">Moln</marc:subfield>
            <marc:subfield code="a">1028425</marc:subfield>
            <marc:subfield code="2">Distributör: Elib</marc:subfield>
        </marc:datafield>
        <marc:datafield tag="024" ind1="7" ind2=" ">
            <marc:subfield code="5">Munk</marc:subfield>
            <marc:subfield code="a">1028425</marc:subfield>
            <marc:subfield code="2">Distributör: Elib</marc:subfield>
        </marc:datafield>
        <marc:datafield tag="024" ind1="7" ind2=" ">
            <marc:subfield code="5">Nafd</marc:subfield>
            <marc:subfield code="a">1028425</marc:subfield>
            <marc:subfield code="2">Distributör: Elib</marc:subfield>
        </marc:datafield>
        <marc:datafield tag="024" ind1="7" ind2=" ">
            <marc:subfield code="5">Nass</marc:subfield>
            <marc:subfield code="a">1028425</marc:subfield>
            <marc:subfield code="2">Distributör: Elib</marc:subfield>
        </marc:datafield>
        <marc:datafield tag="024" ind1="7" ind2=" ">
            <marc:subfield code="5">Norr</marc:subfield>
            <marc:subfield code="a">1028425</marc:subfield>
            <marc:subfield code="2">Distributör: Elib</marc:subfield>
        </marc:datafield>
        <marc:datafield tag="024" ind1="7" ind2=" ">
            <marc:subfield code="5">Okb</marc:subfield>
            <marc:subfield code="a">1028425</marc:subfield>
            <marc:subfield code="2">Distributör: Elib</marc:subfield>
        </marc:datafield>
        <marc:datafield tag="024" ind1="7" ind2=" ">
            <marc:subfield code="5">Or1</marc:subfield>
            <marc:subfield code="a">1028425</marc:subfield>
            <marc:subfield code="2">Distributör: Elib</marc:subfield>
        </marc:datafield>
        <marc:datafield tag="024" ind1="7" ind2=" ">
            <marc:subfield code="5">Os</marc:subfield>
            <marc:subfield code="a">1028425</marc:subfield>
            <marc:subfield code="2">Distributör: Elib</marc:subfield>
        </marc:datafield>
        <marc:datafield tag="024" ind1="7" ind2=" ">
            <marc:subfield code="5">Oxel</marc:subfield>
            <marc:subfield code="a">1028425</marc:subfield>
            <marc:subfield code="2">Distributör: Elib</marc:subfield>
        </marc:datafield>
        <marc:datafield tag="024" ind1="7" ind2=" ">
            <marc:subfield code="5">Part</marc:subfield>
            <marc:subfield code="a">1028425</marc:subfield>
            <marc:subfield code="2">Distributör: Elib</marc:subfield>
        </marc:datafield>
        <marc:datafield tag="024" ind1="7" ind2=" ">
            <marc:subfield code="5">Skfb</marc:subfield>
            <marc:subfield code="a">1028425</marc:subfield>
            <marc:subfield code="2">Distributör: Elib</marc:subfield>
        </marc:datafield>
        <marc:datafield tag="024" ind1="7" ind2=" ">
            <marc:subfield code="5">Skkf</marc:subfield>
            <marc:subfield code="a">1028425</marc:subfield>
            <marc:subfield code="2">Distributör: Elib</marc:subfield>
        </marc:datafield>
        <marc:datafield tag="024" ind1="7" ind2=" ">
            <marc:subfield code="5">Sob</marc:subfield>
            <marc:subfield code="a">1028425</marc:subfield>
            <marc:subfield code="2">Distributör: Elib</marc:subfield>
        </marc:datafield>
        <marc:datafield tag="024" ind1="7" ind2=" ">
            <marc:subfield code="5">Solb</marc:subfield>
            <marc:subfield code="a">1028425</marc:subfield>
            <marc:subfield code="2">Distributör: Elib</marc:subfield>
        </marc:datafield>
        <marc:datafield tag="024" ind1="7" ind2=" ">
            <marc:subfield code="5">Soll</marc:subfield>
            <marc:subfield code="a">1028425</marc:subfield>
            <marc:subfield code="2">Distributör: Elib</marc:subfield>
        </marc:datafield>
        <marc:datafield tag="024" ind1="7" ind2=" ">
            <marc:subfield code="5">SsbE</marc:subfield>
            <marc:subfield code="a">1028425</marc:subfield>
            <marc:subfield code="2">Distributör: Elib</marc:subfield>
        </marc:datafield>
        <marc:datafield tag="024" ind1="7" ind2=" ">
            <marc:subfield code="5">Staf</marc:subfield>
            <marc:subfield code="a">1028425</marc:subfield>
            <marc:subfield code="2">Distributör: Elib</marc:subfield>
        </marc:datafield>
        <marc:datafield tag="024" ind1="7" ind2=" ">
            <marc:subfield code="5">Sten</marc:subfield>
            <marc:subfield code="a">1028425</marc:subfield>
            <marc:subfield code="2">Distributör: Elib</marc:subfield>
        </marc:datafield>
        <marc:datafield tag="024" ind1="7" ind2=" ">
            <marc:subfield code="5">Stra</marc:subfield>
            <marc:subfield code="a">1028425</marc:subfield>
            <marc:subfield code="2">Distributör: Elib</marc:subfield>
        </marc:datafield>
        <marc:datafield tag="024" ind1="7" ind2=" ">
            <marc:subfield code="5">Sund</marc:subfield>
            <marc:subfield code="a">1028425</marc:subfield>
            <marc:subfield code="2">Distributör: Elib</marc:subfield>
        </marc:datafield>
        <marc:datafield tag="024" ind1="7" ind2=" ">
            <marc:subfield code="5">Svl</marc:subfield>
            <marc:subfield code="a">1028425</marc:subfield>
            <marc:subfield code="2">Distributör: Elib</marc:subfield>
        </marc:datafield>
        <marc:datafield tag="024" ind1="7" ind2=" ">
            <marc:subfield code="5">Taby</marc:subfield>
            <marc:subfield code="a">1028425</marc:subfield>
            <marc:subfield code="2">Distributör: Elib</marc:subfield>
        </marc:datafield>
        <marc:datafield tag="024" ind1="7" ind2=" ">
            <marc:subfield code="5">Tanu</marc:subfield>
            <marc:subfield code="a">1028425</marc:subfield>
            <marc:subfield code="2">Distributör: Elib</marc:subfield>
        </marc:datafield>
        <marc:datafield tag="024" ind1="7" ind2=" ">
            <marc:subfield code="5">TimE</marc:subfield>
            <marc:subfield code="a">1028425</marc:subfield>
            <marc:subfield code="2">Distributör: Elib</marc:subfield>
        </marc:datafield>
        <marc:datafield tag="024" ind1="7" ind2=" ">
            <marc:subfield code="5">Tkb</marc:subfield>
            <marc:subfield code="a">1028425</marc:subfield>
            <marc:subfield code="2">Distributör: Elib</marc:subfield>
        </marc:datafield>
        <marc:datafield tag="024" ind1="7" ind2=" ">
            <marc:subfield code="5">Trel</marc:subfield>
            <marc:subfield code="a">1028425</marc:subfield>
            <marc:subfield code="2">Distributör: Elib</marc:subfield>
        </marc:datafield>
        <marc:datafield tag="024" ind1="7" ind2=" ">
            <marc:subfield code="5">Tykb</marc:subfield>
            <marc:subfield code="a">1028425</marc:subfield>
            <marc:subfield code="2">Distributör: Elib</marc:subfield>
        </marc:datafield>
        <marc:datafield tag="024" ind1="7" ind2=" ">
            <marc:subfield code="5">Udd</marc:subfield>
            <marc:subfield code="a">1028425</marc:subfield>
            <marc:subfield code="2">Distributör: Elib</marc:subfield>
        </marc:datafield>
        <marc:datafield tag="024" ind1="7" ind2=" ">
            <marc:subfield code="5">Um</marc:subfield>
            <marc:subfield code="a">1028425</marc:subfield>
            <marc:subfield code="2">Distributör: Elib</marc:subfield>
        </marc:datafield>
        <marc:datafield tag="024" ind1="7" ind2=" ">
            <marc:subfield code="5">Vane</marc:subfield>
            <marc:subfield code="a">1028425</marc:subfield>
            <marc:subfield code="2">Distributör: Elib</marc:subfield>
        </marc:datafield>
        <marc:datafield tag="024" ind1="7" ind2=" ">
            <marc:subfield code="5">Vaxh</marc:subfield>
            <marc:subfield code="a">1028425</marc:subfield>
            <marc:subfield code="2">Distributör: Elib</marc:subfield>
        </marc:datafield>
        <marc:datafield tag="024" ind1="7" ind2=" ">
            <marc:subfield code="5">Vell</marc:subfield>
            <marc:subfield code="a">1028425</marc:subfield>
            <marc:subfield code="2">Distributör: Elib</marc:subfield>
        </marc:datafield>
        <marc:datafield tag="024" ind1="7" ind2=" ">
            <marc:subfield code="5">Vlib</marc:subfield>
            <marc:subfield code="a">1028425</marc:subfield>
            <marc:subfield code="2">Distributör: Elib</marc:subfield>
        </marc:datafield>
        <marc:datafield tag="035" ind1=" " ind2=" ">
            <marc:subfield code="a">Elib1028425</marc:subfield>
        </marc:datafield>
        <marc:datafield tag="040" ind1=" " ind2=" ">
            <marc:subfield code="e">a</marc:subfield>
        </marc:datafield>
        <marc:datafield tag="041" ind1=" " ind2=" ">
            <marc:subfield code="a">swe</marc:subfield>
        </marc:datafield>
        <marc:datafield tag="100" ind1="1" ind2=" ">
            <marc:subfield code="a">Fossum, Karin</marc:subfield>
            <marc:subfield code="4">aut</marc:subfield>
        </marc:datafield>
        <marc:datafield tag="245" ind1="1" ind2="0">
            <marc:subfield code="a">Den som älskar något annat</marc:subfield>
            <marc:subfield code="h">[Elektronisk resurs]</marc:subfield>
        </marc:datafield>
        <marc:datafield tag="264" ind1=" " ind2="1">
            <marc:subfield code="b">Bokförlaget Forum,</marc:subfield>
            <marc:subfield code="c">2015</marc:subfield>
        </marc:datafield>
        <marc:datafield tag="300" ind1=" " ind2=" ">
            <marc:subfield code="a">224 s.</marc:subfield>
        </marc:datafield>
        <marc:datafield tag="380" ind1=" " ind2=" ">
            <marc:subfield code="a">Deckare &amp; spänning</marc:subfield>
        </marc:datafield>
        <marc:datafield tag="500" ind1=" " ind2=" ">
            <marc:subfield code="5">Alve</marc:subfield>
            <marc:subfield code="a">Online epub (1.48 MB)</marc:subfield>
        </marc:datafield>
        <marc:datafield tag="500" ind1=" " ind2=" ">
            <marc:subfield code="5">Alve</marc:subfield>
            <marc:subfield code="a">Offline epub med Adobe-kryptering (1.48 MB)</marc:subfield>
        </marc:datafield>
        <marc:datafield tag="500" ind1=" " ind2=" ">
            <marc:subfield code="5">Arlo</marc:subfield>
            <marc:subfield code="a">Online epub (1.48 MB)</marc:subfield>
        </marc:datafield>
        <marc:datafield tag="500" ind1=" " ind2=" ">
            <marc:subfield code="5">Arlo</marc:subfield>
            <marc:subfield code="a">Offline epub med Adobe-kryptering (1.48 MB)</marc:subfield>
        </marc:datafield>
        <marc:datafield tag="500" ind1=" " ind2=" ">
            <marc:subfield code="5">BinE</marc:subfield>
            <marc:subfield code="a">Online epub (1.73 MB)</marc:subfield>
        </marc:datafield>
        <marc:datafield tag="500" ind1=" " ind2=" ">
            <marc:subfield code="5">BinE</marc:subfield>
            <marc:subfield code="a">Offline epub med Adobe-kryptering (1.73 MB)</marc:subfield>
        </marc:datafield>
        <marc:datafield tag="500" ind1=" " ind2=" ">
            <marc:subfield code="5">Biv</marc:subfield>
            <marc:subfield code="a">Online epub (1.73 MB)</marc:subfield>
        </marc:datafield>
        <marc:datafield tag="500" ind1=" " ind2=" ">
            <marc:subfield code="5">Biv</marc:subfield>
            <marc:subfield code="a">Offline epub med Adobe-kryptering (1.73 MB)</marc:subfield>
        </marc:datafield>
        <marc:datafield tag="500" ind1=" " ind2=" ">
            <marc:subfield code="5">BoE</marc:subfield>
            <marc:subfield code="a">Online epub (1.73 MB)</marc:subfield>
        </marc:datafield>
        <marc:datafield tag="500" ind1=" " ind2=" ">
            <marc:subfield code="5">BoE</marc:subfield>
            <marc:subfield code="a">Offline epub med Adobe-kryptering (1.73 MB)</marc:subfield>
        </marc:datafield>
        <marc:datafield tag="500" ind1=" " ind2=" ">
            <marc:subfield code="5">Dand</marc:subfield>
            <marc:subfield code="a">Online epub (1.48 MB)</marc:subfield>
        </marc:datafield>
        <marc:datafield tag="500" ind1=" " ind2=" ">
            <marc:subfield code="5">Dand</marc:subfield>
            <marc:subfield code="a">Offline epub med Adobe-kryptering (1.48 MB)</marc:subfield>
        </marc:datafield>
        <marc:datafield tag="500" ind1=" " ind2=" ">
            <marc:subfield code="5">Eble</marc:subfield>
            <marc:subfield code="a">Online epub (1.48 MB)</marc:subfield>
        </marc:datafield>
        <marc:datafield tag="500" ind1=" " ind2=" ">
            <marc:subfield code="5">Eble</marc:subfield>
            <marc:subfield code="a">Offline epub med Adobe-kryptering (1.48 MB)</marc:subfield>
        </marc:datafield>
        <marc:datafield tag="500" ind1=" " ind2=" ">
            <marc:subfield code="5">Elan</marc:subfield>
            <marc:subfield code="a">Online epub (1.73 MB)</marc:subfield>
        </marc:datafield>
        <marc:datafield tag="500" ind1=" " ind2=" ">
            <marc:subfield code="5">Elan</marc:subfield>
            <marc:subfield code="a">Offline epub med Adobe-kryptering (1.73 MB)</marc:subfield>
        </marc:datafield>
        <marc:datafield tag="500" ind1=" " ind2=" ">
            <marc:subfield code="5">Es1</marc:subfield>
            <marc:subfield code="a">Online epub (1.48 MB)</marc:subfield>
        </marc:datafield>
        <marc:datafield tag="500" ind1=" " ind2=" ">
            <marc:subfield code="5">Es1</marc:subfield>
            <marc:subfield code="a">Offline epub med Adobe-kryptering (1.48 MB)</marc:subfield>
        </marc:datafield>
        <marc:datafield tag="500" ind1=" " ind2=" ">
            <marc:subfield code="5">Eslo</marc:subfield>
            <marc:subfield code="a">Online epub (1.48 MB)</marc:subfield>
        </marc:datafield>
        <marc:datafield tag="500" ind1=" " ind2=" ">
            <marc:subfield code="5">Eslo</marc:subfield>
            <marc:subfield code="a">Offline epub med Adobe-kryptering (1.48 MB)</marc:subfield>
        </marc:datafield>
        <marc:datafield tag="500" ind1=" " ind2=" ">
            <marc:subfield code="5">Esno</marc:subfield>
            <marc:subfield code="a">Online epub (1.48 MB)</marc:subfield>
        </marc:datafield>
        <marc:datafield tag="500" ind1=" " ind2=" ">
            <marc:subfield code="5">Esno</marc:subfield>
            <marc:subfield code="a">Offline epub med Adobe-kryptering (1.48 MB)</marc:subfield>
        </marc:datafield>
        <marc:datafield tag="500" ind1=" " ind2=" ">
            <marc:subfield code="5">Esod</marc:subfield>
            <marc:subfield code="a">Online epub (1.48 MB)</marc:subfield>
        </marc:datafield>
        <marc:datafield tag="500" ind1=" " ind2=" ">
            <marc:subfield code="5">Esod</marc:subfield>
            <marc:subfield code="a">Offline epub med Adobe-kryptering (1.48 MB)</marc:subfield>
        </marc:datafield>
        <marc:datafield tag="500" ind1=" " ind2=" ">
            <marc:subfield code="5">Esso</marc:subfield>
            <marc:subfield code="a">Online epub (1.48 MB)</marc:subfield>
        </marc:datafield>
        <marc:datafield tag="500" ind1=" " ind2=" ">
            <marc:subfield code="5">Esso</marc:subfield>
            <marc:subfield code="a">Offline epub med Adobe-kryptering (1.48 MB)</marc:subfield>
        </marc:datafield>
        <marc:datafield tag="500" ind1=" " ind2=" ">
            <marc:subfield code="5">Fab</marc:subfield>
            <marc:subfield code="a">Online epub (1.48 MB)</marc:subfield>
        </marc:datafield>
        <marc:datafield tag="500" ind1=" " ind2=" ">
            <marc:subfield code="5">Fab</marc:subfield>
            <marc:subfield code="a">Offline epub med Adobe-kryptering (1.48 MB)</marc:subfield>
        </marc:datafield>
        <marc:datafield tag="500" ind1=" " ind2=" ">
            <marc:subfield code="5">Gnes</marc:subfield>
            <marc:subfield code="a">Online epub (1.73 MB)</marc:subfield>
        </marc:datafield>
        <marc:datafield tag="500" ind1=" " ind2=" ">
            <marc:subfield code="5">Gnes</marc:subfield>
            <marc:subfield code="a">Offline epub med Adobe-kryptering (1.73 MB)</marc:subfield>
        </marc:datafield>
        <marc:datafield tag="500" ind1=" " ind2=" ">
            <marc:subfield code="5">Gnos</marc:subfield>
            <marc:subfield code="a">Online epub (1.73 MB)</marc:subfield>
        </marc:datafield>
        <marc:datafield tag="500" ind1=" " ind2=" ">
            <marc:subfield code="5">Gnos</marc:subfield>
            <marc:subfield code="a">Offline epub med Adobe-kryptering (1.73 MB)</marc:subfield>
        </marc:datafield>
        <marc:datafield tag="500" ind1=" " ind2=" ">
            <marc:subfield code="5">Habo</marc:subfield>
            <marc:subfield code="a">Online epub (1.73 MB)</marc:subfield>
        </marc:datafield>
        <marc:datafield tag="500" ind1=" " ind2=" ">
            <marc:subfield code="5">Habo</marc:subfield>
            <marc:subfield code="a">Offline epub med Adobe-kryptering (1.73 MB)</marc:subfield>
        </marc:datafield>
        <marc:datafield tag="500" ind1=" " ind2=" ">
            <marc:subfield code="5">Hamn</marc:subfield>
            <marc:subfield code="a">Online epub (1.48 MB)</marc:subfield>
        </marc:datafield>
        <marc:datafield tag="500" ind1=" " ind2=" ">
            <marc:subfield code="5">Hamn</marc:subfield>
            <marc:subfield code="a">Offline epub med Adobe-kryptering (1.48 MB)</marc:subfield>
        </marc:datafield>
        <marc:datafield tag="500" ind1=" " ind2=" ">
            <marc:subfield code="5">Harj</marc:subfield>
            <marc:subfield code="a">Online epub (1.73 MB)</marc:subfield>
        </marc:datafield>
        <marc:datafield tag="500" ind1=" " ind2=" ">
            <marc:subfield code="5">Harj</marc:subfield>
            <marc:subfield code="a">Offline epub med Adobe-kryptering (1.73 MB)</marc:subfield>
        </marc:datafield>
        <marc:datafield tag="500" ind1=" " ind2=" ">
            <marc:subfield code="5">Hasb</marc:subfield>
            <marc:subfield code="a">Online epub (1.73 MB)</marc:subfield>
        </marc:datafield>
        <marc:datafield tag="500" ind1=" " ind2=" ">
            <marc:subfield code="5">Hasb</marc:subfield>
            <marc:subfield code="a">Offline epub med Adobe-kryptering (1.73 MB)</marc:subfield>
        </marc:datafield>
        <marc:datafield tag="500" ind1=" " ind2=" ">
            <marc:subfield code="5">Helg</marc:subfield>
            <marc:subfield code="a">Online epub (1.73 MB)</marc:subfield>
        </marc:datafield>
        <marc:datafield tag="500" ind1=" " ind2=" ">
            <marc:subfield code="5">Helg</marc:subfield>
            <marc:subfield code="a">Offline epub med Adobe-kryptering (1.73 MB)</marc:subfield>
        </marc:datafield>
        <marc:datafield tag="500" ind1=" " ind2=" ">
            <marc:subfield code="5">HibE</marc:subfield>
            <marc:subfield code="a">Online epub (1.73 MB)</marc:subfield>
        </marc:datafield>
        <marc:datafield tag="500" ind1=" " ind2=" ">
            <marc:subfield code="5">HibE</marc:subfield>
            <marc:subfield code="a">Offline epub med Adobe-kryptering (1.73 MB)</marc:subfield>
        </marc:datafield>
        <marc:datafield tag="500" ind1=" " ind2=" ">
            <marc:subfield code="5">Hoor</marc:subfield>
            <marc:subfield code="a">Online epub (1.48 MB)</marc:subfield>
        </marc:datafield>
        <marc:datafield tag="500" ind1=" " ind2=" ">
            <marc:subfield code="5">Hoor</marc:subfield>
            <marc:subfield code="a">Offline epub med Adobe-kryptering (1.48 MB)</marc:subfield>
        </marc:datafield>
        <marc:datafield tag="500" ind1=" " ind2=" ">
            <marc:subfield code="5">HsdE</marc:subfield>
            <marc:subfield code="a">Online epub (1.73 MB)</marc:subfield>
        </marc:datafield>
        <marc:datafield tag="500" ind1=" " ind2=" ">
            <marc:subfield code="5">HsdE</marc:subfield>
            <marc:subfield code="a">Offline epub med Adobe-kryptering (1.73 MB)</marc:subfield>
        </marc:datafield>
        <marc:datafield tag="500" ind1=" " ind2=" ">
            <marc:subfield code="5">Hudb</marc:subfield>
            <marc:subfield code="a">Online epub (1.73 MB)</marc:subfield>
        </marc:datafield>
        <marc:datafield tag="500" ind1=" " ind2=" ">
            <marc:subfield code="5">Hudb</marc:subfield>
            <marc:subfield code="a">Offline epub med Adobe-kryptering (1.73 MB)</marc:subfield>
        </marc:datafield>
        <marc:datafield tag="500" ind1=" " ind2=" ">
            <marc:subfield code="5">Jflb</marc:subfield>
            <marc:subfield code="a">Online epub (1.48 MB)</marc:subfield>
        </marc:datafield>
        <marc:datafield tag="500" ind1=" " ind2=" ">
            <marc:subfield code="5">Jflb</marc:subfield>
            <marc:subfield code="a">Offline epub med Adobe-kryptering (1.48 MB)</marc:subfield>
        </marc:datafield>
        <marc:datafield tag="500" ind1=" " ind2=" ">
            <marc:subfield code="5">Kavl</marc:subfield>
            <marc:subfield code="a">Online epub (1.48 MB)</marc:subfield>
        </marc:datafield>
        <marc:datafield tag="500" ind1=" " ind2=" ">
            <marc:subfield code="5">Kavl</marc:subfield>
            <marc:subfield code="a">Offline epub med Adobe-kryptering (1.48 MB)</marc:subfield>
        </marc:datafield>
        <marc:datafield tag="500" ind1=" " ind2=" ">
            <marc:subfield code="5">Kbb</marc:subfield>
            <marc:subfield code="a">Online epub (1.48 MB)</marc:subfield>
        </marc:datafield>
        <marc:datafield tag="500" ind1=" " ind2=" ">
            <marc:subfield code="5">Kbb</marc:subfield>
            <marc:subfield code="a">Offline epub med Adobe-kryptering (1.48 MB)</marc:subfield>
        </marc:datafield>
        <marc:datafield tag="500" ind1=" " ind2=" ">
            <marc:subfield code="5">Krkb</marc:subfield>
            <marc:subfield code="a">Online epub (1.73 MB)</marc:subfield>
        </marc:datafield>
        <marc:datafield tag="500" ind1=" " ind2=" ">
            <marc:subfield code="5">Krkb</marc:subfield>
            <marc:subfield code="a">Offline epub med Adobe-kryptering (1.73 MB)</marc:subfield>
        </marc:datafield>
        <marc:datafield tag="500" ind1=" " ind2=" ">
            <marc:subfield code="5">Kssb</marc:subfield>
            <marc:subfield code="a">Online epub (1.73 MB)</marc:subfield>
        </marc:datafield>
        <marc:datafield tag="500" ind1=" " ind2=" ">
            <marc:subfield code="5">Kssb</marc:subfield>
            <marc:subfield code="a">Offline epub med Adobe-kryptering (1.73 MB)</marc:subfield>
        </marc:datafield>
        <marc:datafield tag="500" ind1=" " ind2=" ">
            <marc:subfield code="5">Ld</marc:subfield>
            <marc:subfield code="a">Online epub (1.48 MB)</marc:subfield>
        </marc:datafield>
        <marc:datafield tag="500" ind1=" " ind2=" ">
            <marc:subfield code="5">Ld</marc:subfield>
            <marc:subfield code="a">Offline epub med Adobe-kryptering (1.48 MB)</marc:subfield>
        </marc:datafield>
        <marc:datafield tag="500" ind1=" " ind2=" ">
            <marc:subfield code="5">Less</marc:subfield>
            <marc:subfield code="a">Online epub (1.73 MB)</marc:subfield>
        </marc:datafield>
        <marc:datafield tag="500" ind1=" " ind2=" ">
            <marc:subfield code="5">Less</marc:subfield>
            <marc:subfield code="a">Offline epub med Adobe-kryptering (1.73 MB)</marc:subfield>
        </marc:datafield>
        <marc:datafield tag="500" ind1=" " ind2=" ">
            <marc:subfield code="5">Lisb</marc:subfield>
            <marc:subfield code="a">Online epub (1.73 MB)</marc:subfield>
        </marc:datafield>
        <marc:datafield tag="500" ind1=" " ind2=" ">
            <marc:subfield code="5">Lisb</marc:subfield>
            <marc:subfield code="a">Offline epub med Adobe-kryptering (1.73 MB)</marc:subfield>
        </marc:datafield>
        <marc:datafield tag="500" ind1=" " ind2=" ">
            <marc:subfield code="5">Ljun</marc:subfield>
            <marc:subfield code="a">Online epub (1.48 MB)</marc:subfield>
        </marc:datafield>
        <marc:datafield tag="500" ind1=" " ind2=" ">
            <marc:subfield code="5">Ljun</marc:subfield>
            <marc:subfield code="a">Offline epub med Adobe-kryptering (1.48 MB)</marc:subfield>
        </marc:datafield>
        <marc:datafield tag="500" ind1=" " ind2=" ">
            <marc:subfield code="5">Lvab</marc:subfield>
            <marc:subfield code="a">Online epub (1.48 MB)</marc:subfield>
        </marc:datafield>
        <marc:datafield tag="500" ind1=" " ind2=" ">
            <marc:subfield code="5">Lvab</marc:subfield>
            <marc:subfield code="a">Offline epub med Adobe-kryptering (1.48 MB)</marc:subfield>
        </marc:datafield>
        <marc:datafield tag="500" ind1=" " ind2=" ">
            <marc:subfield code="5">MoE</marc:subfield>
            <marc:subfield code="a">Online epub (1.73 MB)</marc:subfield>
        </marc:datafield>
        <marc:datafield tag="500" ind1=" " ind2=" ">
            <marc:subfield code="5">MoE</marc:subfield>
            <marc:subfield code="a">Offline epub med Adobe-kryptering (1.73 MB)</marc:subfield>
        </marc:datafield>
        <marc:datafield tag="500" ind1=" " ind2=" ">
            <marc:subfield code="5">Moln</marc:subfield>
            <marc:subfield code="a">Online epub (1.73 MB)</marc:subfield>
        </marc:datafield>
        <marc:datafield tag="500" ind1=" " ind2=" ">
            <marc:subfield code="5">Moln</marc:subfield>
            <marc:subfield code="a">Offline epub med Adobe-kryptering (1.73 MB)</marc:subfield>
        </marc:datafield>
        <marc:datafield tag="500" ind1=" " ind2=" ">
            <marc:subfield code="5">Munk</marc:subfield>
            <marc:subfield code="a">Online epub (1.48 MB)</marc:subfield>
        </marc:datafield>
        <marc:datafield tag="500" ind1=" " ind2=" ">
            <marc:subfield code="5">Munk</marc:subfield>
            <marc:subfield code="a">Offline epub med Adobe-kryptering (1.48 MB)</marc:subfield>
        </marc:datafield>
        <marc:datafield tag="500" ind1=" " ind2=" ">
            <marc:subfield code="5">Nafd</marc:subfield>
            <marc:subfield code="a">Online epub (1.48 MB)</marc:subfield>
        </marc:datafield>
        <marc:datafield tag="500" ind1=" " ind2=" ">
            <marc:subfield code="5">Nafd</marc:subfield>
            <marc:subfield code="a">Offline epub med Adobe-kryptering (1.48 MB)</marc:subfield>
        </marc:datafield>
        <marc:datafield tag="500" ind1=" " ind2=" ">
            <marc:subfield code="5">Nass</marc:subfield>
            <marc:subfield code="a">Online epub (1.73 MB)</marc:subfield>
        </marc:datafield>
        <marc:datafield tag="500" ind1=" " ind2=" ">
            <marc:subfield code="5">Nass</marc:subfield>
            <marc:subfield code="a">Offline epub med Adobe-kryptering (1.73 MB)</marc:subfield>
        </marc:datafield>
        <marc:datafield tag="500" ind1=" " ind2=" ">
            <marc:subfield code="5">Norr</marc:subfield>
            <marc:subfield code="a">Online epub (1.48 MB)</marc:subfield>
        </marc:datafield>
        <marc:datafield tag="500" ind1=" " ind2=" ">
            <marc:subfield code="5">Norr</marc:subfield>
            <marc:subfield code="a">Offline epub med Adobe-kryptering (1.48 MB)</marc:subfield>
        </marc:datafield>
        <marc:datafield tag="500" ind1=" " ind2=" ">
            <marc:subfield code="5">Okb</marc:subfield>
            <marc:subfield code="a">Online epub (1.73 MB)</marc:subfield>
        </marc:datafield>
        <marc:datafield tag="500" ind1=" " ind2=" ">
            <marc:subfield code="5">Okb</marc:subfield>
            <marc:subfield code="a">Offline epub med Adobe-kryptering (1.73 MB)</marc:subfield>
        </marc:datafield>
        <marc:datafield tag="500" ind1=" " ind2=" ">
            <marc:subfield code="5">Or1</marc:subfield>
            <marc:subfield code="a">Online epub (1.48 MB)</marc:subfield>
        </marc:datafield>
        <marc:datafield tag="500" ind1=" " ind2=" ">
            <marc:subfield code="5">Or1</marc:subfield>
            <marc:subfield code="a">Offline epub med Adobe-kryptering (1.48 MB)</marc:subfield>
        </marc:datafield>
        <marc:datafield tag="500" ind1=" " ind2=" ">
            <marc:subfield code="5">Os</marc:subfield>
            <marc:subfield code="a">Online epub (1.73 MB)</marc:subfield>
        </marc:datafield>
        <marc:datafield tag="500" ind1=" " ind2=" ">
            <marc:subfield code="5">Os</marc:subfield>
            <marc:subfield code="a">Offline epub med Adobe-kryptering (1.73 MB)</marc:subfield>
        </marc:datafield>
        <marc:datafield tag="500" ind1=" " ind2=" ">
            <marc:subfield code="5">Oxel</marc:subfield>
            <marc:subfield code="a">Online epub (1.73 MB)</marc:subfield>
        </marc:datafield>
        <marc:datafield tag="500" ind1=" " ind2=" ">
            <marc:subfield code="5">Oxel</marc:subfield>
            <marc:subfield code="a">Offline epub med Adobe-kryptering (1.73 MB)</marc:subfield>
        </marc:datafield>
        <marc:datafield tag="500" ind1=" " ind2=" ">
            <marc:subfield code="5">Part</marc:subfield>
            <marc:subfield code="a">Online epub (1.48 MB)</marc:subfield>
        </marc:datafield>
        <marc:datafield tag="500" ind1=" " ind2=" ">
            <marc:subfield code="5">Part</marc:subfield>
            <marc:subfield code="a">Offline epub med Adobe-kryptering (1.48 MB)</marc:subfield>
        </marc:datafield>
        <marc:datafield tag="500" ind1=" " ind2=" ">
            <marc:subfield code="5">Skfb</marc:subfield>
            <marc:subfield code="a">Online epub (1.48 MB)</marc:subfield>
        </marc:datafield>
        <marc:datafield tag="500" ind1=" " ind2=" ">
            <marc:subfield code="5">Skfb</marc:subfield>
            <marc:subfield code="a">Offline epub med Adobe-kryptering (1.48 MB)</marc:subfield>
        </marc:datafield>
        <marc:datafield tag="500" ind1=" " ind2=" ">
            <marc:subfield code="5">Skkf</marc:subfield>
            <marc:subfield code="a">Online epub (1.48 MB)</marc:subfield>
        </marc:datafield>
        <marc:datafield tag="500" ind1=" " ind2=" ">
            <marc:subfield code="5">Skkf</marc:subfield>
            <marc:subfield code="a">Offline epub med Adobe-kryptering (1.48 MB)</marc:subfield>
        </marc:datafield>
        <marc:datafield tag="500" ind1=" " ind2=" ">
            <marc:subfield code="5">Sob</marc:subfield>
            <marc:subfield code="a">Online epub (1.48 MB)</marc:subfield>
        </marc:datafield>
        <marc:datafield tag="500" ind1=" " ind2=" ">
            <marc:subfield code="5">Sob</marc:subfield>
            <marc:subfield code="a">Offline epub med Adobe-kryptering (1.48 MB)</marc:subfield>
        </marc:datafield>
        <marc:datafield tag="500" ind1=" " ind2=" ">
            <marc:subfield code="5">Solb</marc:subfield>
            <marc:subfield code="a">Online epub (1.48 MB)</marc:subfield>
        </marc:datafield>
        <marc:datafield tag="500" ind1=" " ind2=" ">
            <marc:subfield code="5">Solb</marc:subfield>
            <marc:subfield code="a">Offline epub med Adobe-kryptering (1.48 MB)</marc:subfield>
        </marc:datafield>
        <marc:datafield tag="500" ind1=" " ind2=" ">
            <marc:subfield code="5">Soll</marc:subfield>
            <marc:subfield code="a">Online epub (1.73 MB)</marc:subfield>
        </marc:datafield>
        <marc:datafield tag="500" ind1=" " ind2=" ">
            <marc:subfield code="5">Soll</marc:subfield>
            <marc:subfield code="a">Offline epub med Adobe-kryptering (1.73 MB)</marc:subfield>
        </marc:datafield>
        <marc:datafield tag="500" ind1=" " ind2=" ">
            <marc:subfield code="5">SsbE</marc:subfield>
            <marc:subfield code="a">Online epub (1.73 MB)</marc:subfield>
        </marc:datafield>
        <marc:datafield tag="500" ind1=" " ind2=" ">
            <marc:subfield code="5">SsbE</marc:subfield>
            <marc:subfield code="a">Offline epub med Adobe-kryptering (1.73 MB)</marc:subfield>
        </marc:datafield>
        <marc:datafield tag="500" ind1=" " ind2=" ">
            <marc:subfield code="5">Staf</marc:subfield>
            <marc:subfield code="a">Online epub (1.48 MB)</marc:subfield>
        </marc:datafield>
        <marc:datafield tag="500" ind1=" " ind2=" ">
            <marc:subfield code="5">Staf</marc:subfield>
            <marc:subfield code="a">Offline epub med Adobe-kryptering (1.48 MB)</marc:subfield>
        </marc:datafield>
        <marc:datafield tag="500" ind1=" " ind2=" ">
            <marc:subfield code="5">Sten</marc:subfield>
            <marc:subfield code="a">Online epub (1.48 MB)</marc:subfield>
        </marc:datafield>
        <marc:datafield tag="500" ind1=" " ind2=" ">
            <marc:subfield code="5">Sten</marc:subfield>
            <marc:subfield code="a">Offline epub med Adobe-kryptering (1.48 MB)</marc:subfield>
        </marc:datafield>
        <marc:datafield tag="500" ind1=" " ind2=" ">
            <marc:subfield code="5">Stra</marc:subfield>
            <marc:subfield code="a">Online epub (1.48 MB)</marc:subfield>
        </marc:datafield>
        <marc:datafield tag="500" ind1=" " ind2=" ">
            <marc:subfield code="5">Stra</marc:subfield>
            <marc:subfield code="a">Offline epub med Adobe-kryptering (1.48 MB)</marc:subfield>
        </marc:datafield>
        <marc:datafield tag="500" ind1=" " ind2=" ">
            <marc:subfield code="5">Sund</marc:subfield>
            <marc:subfield code="a">Online epub (1.48 MB)</marc:subfield>
        </marc:datafield>
        <marc:datafield tag="500" ind1=" " ind2=" ">
            <marc:subfield code="5">Sund</marc:subfield>
            <marc:subfield code="a">Offline epub med Adobe-kryptering (1.48 MB)</marc:subfield>
        </marc:datafield>
        <marc:datafield tag="500" ind1=" " ind2=" ">
            <marc:subfield code="5">Svl</marc:subfield>
            <marc:subfield code="a">Online epub (1.48 MB)</marc:subfield>
        </marc:datafield>
        <marc:datafield tag="500" ind1=" " ind2=" ">
            <marc:subfield code="5">Svl</marc:subfield>
            <marc:subfield code="a">Offline epub med Adobe-kryptering (1.48 MB)</marc:subfield>
        </marc:datafield>
        <marc:datafield tag="500" ind1=" " ind2=" ">
            <marc:subfield code="5">Taby</marc:subfield>
            <marc:subfield code="a">Online epub (1.48 MB)</marc:subfield>
        </marc:datafield>
        <marc:datafield tag="500" ind1=" " ind2=" ">
            <marc:subfield code="5">Taby</marc:subfield>
            <marc:subfield code="a">Offline epub med Adobe-kryptering (1.48 MB)</marc:subfield>
        </marc:datafield>
        <marc:datafield tag="500" ind1=" " ind2=" ">
            <marc:subfield code="5">Tanu</marc:subfield>
            <marc:subfield code="a">Online epub (1.48 MB)</marc:subfield>
        </marc:datafield>
        <marc:datafield tag="500" ind1=" " ind2=" ">
            <marc:subfield code="5">Tanu</marc:subfield>
            <marc:subfield code="a">Offline epub med Adobe-kryptering (1.48 MB)</marc:subfield>
        </marc:datafield>
        <marc:datafield tag="500" ind1=" " ind2=" ">
            <marc:subfield code="5">TimE</marc:subfield>
            <marc:subfield code="a">Online epub (1.73 MB)</marc:subfield>
        </marc:datafield>
        <marc:datafield tag="500" ind1=" " ind2=" ">
            <marc:subfield code="5">TimE</marc:subfield>
            <marc:subfield code="a">Offline epub med Adobe-kryptering (1.73 MB)</marc:subfield>
        </marc:datafield>
        <marc:datafield tag="500" ind1=" " ind2=" ">
            <marc:subfield code="5">Tkb</marc:subfield>
            <marc:subfield code="a">Online epub (1.73 MB)</marc:subfield>
        </marc:datafield>
        <marc:datafield tag="500" ind1=" " ind2=" ">
            <marc:subfield code="5">Tkb</marc:subfield>
            <marc:subfield code="a">Offline epub med Adobe-kryptering (1.73 MB)</marc:subfield>
        </marc:datafield>
        <marc:datafield tag="500" ind1=" " ind2=" ">
            <marc:subfield code="5">Trel</marc:subfield>
            <marc:subfield code="a">Online epub (1.73 MB)</marc:subfield>
        </marc:datafield>
        <marc:datafield tag="500" ind1=" " ind2=" ">
            <marc:subfield code="5">Trel</marc:subfield>
            <marc:subfield code="a">Offline epub med Adobe-kryptering (1.73 MB)</marc:subfield>
        </marc:datafield>
        <marc:datafield tag="500" ind1=" " ind2=" ">
            <marc:subfield code="5">Tykb</marc:subfield>
            <marc:subfield code="a">Online epub (1.48 MB)</marc:subfield>
        </marc:datafield>
        <marc:datafield tag="500" ind1=" " ind2=" ">
            <marc:subfield code="5">Tykb</marc:subfield>
            <marc:subfield code="a">Offline epub med Adobe-kryptering (1.48 MB)</marc:subfield>
        </marc:datafield>
        <marc:datafield tag="500" ind1=" " ind2=" ">
            <marc:subfield code="5">Udd</marc:subfield>
            <marc:subfield code="a">Online epub (1.73 MB)</marc:subfield>
        </marc:datafield>
        <marc:datafield tag="500" ind1=" " ind2=" ">
            <marc:subfield code="5">Udd</marc:subfield>
            <marc:subfield code="a">Offline epub med Adobe-kryptering (1.73 MB)</marc:subfield>
        </marc:datafield>
        <marc:datafield tag="500" ind1=" " ind2=" ">
            <marc:subfield code="5">Um</marc:subfield>
            <marc:subfield code="a">Online epub (1.73 MB)</marc:subfield>
        </marc:datafield>
        <marc:datafield tag="500" ind1=" " ind2=" ">
            <marc:subfield code="5">Um</marc:subfield>
            <marc:subfield code="a">Offline epub med Adobe-kryptering (1.73 MB)</marc:subfield>
        </marc:datafield>
        <marc:datafield tag="500" ind1=" " ind2=" ">
            <marc:subfield code="5">Vane</marc:subfield>
            <marc:subfield code="a">Online epub (1.48 MB)</marc:subfield>
        </marc:datafield>
        <marc:datafield tag="500" ind1=" " ind2=" ">
            <marc:subfield code="5">Vane</marc:subfield>
            <marc:subfield code="a">Offline epub med Adobe-kryptering (1.48 MB)</marc:subfield>
        </marc:datafield>
        <marc:datafield tag="500" ind1=" " ind2=" ">
            <marc:subfield code="5">Vaxh</marc:subfield>
            <marc:subfield code="a">Online epub (1.48 MB)</marc:subfield>
        </marc:datafield>
        <marc:datafield tag="500" ind1=" " ind2=" ">
            <marc:subfield code="5">Vaxh</marc:subfield>
            <marc:subfield code="a">Offline epub med Adobe-kryptering (1.48 MB)</marc:subfield>
        </marc:datafield>
        <marc:datafield tag="500" ind1=" " ind2=" ">
            <marc:subfield code="5">Vell</marc:subfield>
            <marc:subfield code="a">Online epub (1.48 MB)</marc:subfield>
        </marc:datafield>
        <marc:datafield tag="500" ind1=" " ind2=" ">
            <marc:subfield code="5">Vell</marc:subfield>
            <marc:subfield code="a">Offline epub med Adobe-kryptering (1.48 MB)</marc:subfield>
        </marc:datafield>
        <marc:datafield tag="500" ind1=" " ind2=" ">
            <marc:subfield code="5">Vlib</marc:subfield>
            <marc:subfield code="a">Online epub (1.73 MB)</marc:subfield>
        </marc:datafield>
        <marc:datafield tag="500" ind1=" " ind2=" ">
            <marc:subfield code="5">Vlib</marc:subfield>
            <marc:subfield code="a">Offline epub med Adobe-kryptering (1.73 MB)</marc:subfield>
        </marc:datafield>
        <marc:datafield tag="520" ind1=" " ind2=" ">
            <marc:subfield code="a">Den åttonde boken om kriminalkommissarie Sejer!Reinhardt och Kristine Ris, ett par i 35-årsåldern, är ute på sin sedvanliga söndagspromenad i det undersköna landskapet. Reinhardt har som vanligt tagit täten. Kristine försöker hålla jämna steg alltmedan hon funderar över deras äktenskap. Så krackelerar idyllen brutalt: vid foten av ett träd ligger en liten, blek kropp. Åttaårige Jonas August är död och endast iklädd en t-shirt.Reinhardt och Kristine har endast stött på en person under sin skogspromenad och den mer observante Kristine kan utan svårighet lämna något slags signalement på en möjlig gärningsman: mannen påminner om författaren H.C. Andersen, han haltar och han har skyndat mot en vit bil.Fallet hamnar på den sympatiske och intelligente kriminalkommissarien Konrad Sejers bord. Tillsammans med kollegan Skarre börjar han metodiskt att kartlägga Jonas Augusts varje steg.Den som älskar något annat är inte bara ett porträtt som kryper under huden på en förbrytare utan också en naken, mångbottnad skildring av offren, de anhöriga och framför allt av ett äktenskap i sönderfall.Karin Fossum betraktas som Norges och en av Nordens främsta kriminalförfattare.Översättare:Ulf Örnkloo,Omslagsformgivare:Nina Leino PdeR [Elib]</marc:subfield>
        </marc:datafield>
        <marc:datafield tag="599" ind1=" " ind2=" ">
            <marc:subfield code="a">Ändrad av Elib 2016-06-07</marc:subfield>
        </marc:datafield>
        <marc:datafield tag="700" ind1="1" ind2=" ">
            <marc:subfield code="a">Örnkloo, Ulf</marc:subfield>
            <marc:subfield code="4">trl</marc:subfield>
        </marc:datafield>
        <marc:datafield tag="700" ind1="1" ind2=" ">
            <marc:subfield code="a">Leino, Nina</marc:subfield>
            <marc:subfield code="4">oth</marc:subfield>
        </marc:datafield>
        <marc:datafield tag="856" ind1="4" ind2="2">
            <marc:subfield code="u">https://images.elib.se/cover/1028425/1028425_201511121808.jpg</marc:subfield>
            <marc:subfield code="x">digipic</marc:subfield>
            <marc:subfield code="z">Omslagsbild</marc:subfield>
        </marc:datafield>
        <marc:datafield tag="856" ind1="4" ind2="2">
            <marc:subfield code="5">Hamn</marc:subfield>
            <marc:subfield code="u">https://bibliotek.ranrike.se/digitala-biblioteket</marc:subfield>
            <marc:subfield code="x">origin:Elib</marc:subfield>
            <marc:subfield code="z">Låna från ditt bibliotek. Lånekort krävs.</marc:subfield>
        </marc:datafield>
        <marc:datafield tag="856" ind1="4" ind2="2">
            <marc:subfield code="5">HibE</marc:subfield>
            <marc:subfield code="u">http://hb.elib.se/Books/Details/1028425</marc:subfield>
            <marc:subfield code="x">origin:Elib</marc:subfield>
            <marc:subfield code="z">Låna från ditt bibliotek. Lånekort krävs.</marc:subfield>
        </marc:datafield>
        <marc:datafield tag="856" ind1="4" ind2="2">
            <marc:subfield code="5">MoE</marc:subfield>
            <marc:subfield code="u">http://malmo.elib.se/Books/Details/1028425</marc:subfield>
            <marc:subfield code="x">origin:Elib</marc:subfield>
            <marc:subfield code="z">Låna från ditt bibliotek. Lånekort krävs.</marc:subfield>
        </marc:datafield>
        <marc:datafield tag="856" ind1="4" ind2="2">
            <marc:subfield code="5">Munk</marc:subfield>
            <marc:subfield code="u">https://bibliotek.ranrike.se/digitala-biblioteket</marc:subfield>
            <marc:subfield code="x">origin:Elib</marc:subfield>
            <marc:subfield code="z">Låna från ditt bibliotek. Lånekort krävs.</marc:subfield>
        </marc:datafield>
        <marc:datafield tag="856" ind1="4" ind2="2">
            <marc:subfield code="5">Skkf</marc:subfield>
            <marc:subfield code="u">https://bibliotek.ranrike.se/digitala-biblioteket</marc:subfield>
            <marc:subfield code="x">origin:Elib</marc:subfield>
            <marc:subfield code="z">Låna från ditt bibliotek. Lånekort krävs.</marc:subfield>
        </marc:datafield>
        <marc:datafield tag="856" ind1="4" ind2="2">
            <marc:subfield code="5">Tanu</marc:subfield>
            <marc:subfield code="u">https://bibliotek.ranrike.se/digitala-biblioteket</marc:subfield>
            <marc:subfield code="x">origin:Elib</marc:subfield>
            <marc:subfield code="z">Låna från ditt bibliotek. Lånekort krävs.</marc:subfield>
        </marc:datafield>
    </marc:record>