
    <marc:record>
        <marc:leader>14490cam a22028573a 4500</marc:leader>
        <marc:controlfield tag="001">17882539</marc:controlfield>
        <marc:controlfield tag="003">SE-LIBR</marc:controlfield>
        <marc:controlfield tag="005">20160906190527.0</marc:controlfield>
        <marc:controlfield tag="007">cr |||   |||||         </marc:controlfield>
        <marc:controlfield tag="008">150424s2015    sw |||||o|||||000 f|swe|d</marc:controlfield>
        <marc:datafield tag="020" ind1=" " ind2=" ">
            <marc:subfield code="a">9789137143903</marc:subfield>
        </marc:datafield>
        <marc:datafield tag="024" ind1="7" ind2=" ">
            <marc:subfield code="5">Alve</marc:subfield>
            <marc:subfield code="a">1031644</marc:subfield>
            <marc:subfield code="2">Distributör: Elib</marc:subfield>
        </marc:datafield>
        <marc:datafield tag="024" ind1="7" ind2=" ">
            <marc:subfield code="5">Arlo</marc:subfield>
            <marc:subfield code="a">1031644</marc:subfield>
            <marc:subfield code="2">Distributör: Elib</marc:subfield>
        </marc:datafield>
        <marc:datafield tag="024" ind1="7" ind2=" ">
            <marc:subfield code="5">BinE</marc:subfield>
            <marc:subfield code="a">1031644</marc:subfield>
            <marc:subfield code="2">Distributör: Elib</marc:subfield>
        </marc:datafield>
        <marc:datafield tag="024" ind1="7" ind2=" ">
            <marc:subfield code="5">Biv</marc:subfield>
            <marc:subfield code="a">1031644</marc:subfield>
            <marc:subfield code="2">Distributör: Elib</marc:subfield>
        </marc:datafield>
        <marc:datafield tag="024" ind1="7" ind2=" ">
            <marc:subfield code="5">BoE</marc:subfield>
            <marc:subfield code="a">1031644</marc:subfield>
            <marc:subfield code="2">Distributör: Elib</marc:subfield>
        </marc:datafield>
        <marc:datafield tag="024" ind1="7" ind2=" ">
            <marc:subfield code="5">Dand</marc:subfield>
            <marc:subfield code="a">1031644</marc:subfield>
            <marc:subfield code="2">Distributör: Elib</marc:subfield>
        </marc:datafield>
        <marc:datafield tag="024" ind1="7" ind2=" ">
            <marc:subfield code="5">Eble</marc:subfield>
            <marc:subfield code="a">1031644</marc:subfield>
            <marc:subfield code="2">Distributör: Elib</marc:subfield>
        </marc:datafield>
        <marc:datafield tag="024" ind1="7" ind2=" ">
            <marc:subfield code="5">Elan</marc:subfield>
            <marc:subfield code="a">1031644</marc:subfield>
            <marc:subfield code="2">Distributör: Elib</marc:subfield>
        </marc:datafield>
        <marc:datafield tag="024" ind1="7" ind2=" ">
            <marc:subfield code="5">Elib</marc:subfield>
            <marc:subfield code="a">1031644</marc:subfield>
            <marc:subfield code="2">Distributör: Elib</marc:subfield>
        </marc:datafield>
        <marc:datafield tag="024" ind1="7" ind2=" ">
            <marc:subfield code="5">Es1</marc:subfield>
            <marc:subfield code="a">1031644</marc:subfield>
            <marc:subfield code="2">Distributör: Elib</marc:subfield>
        </marc:datafield>
        <marc:datafield tag="024" ind1="7" ind2=" ">
            <marc:subfield code="5">Eslo</marc:subfield>
            <marc:subfield code="a">1031644</marc:subfield>
            <marc:subfield code="2">Distributör: Elib</marc:subfield>
        </marc:datafield>
        <marc:datafield tag="024" ind1="7" ind2=" ">
            <marc:subfield code="5">Esno</marc:subfield>
            <marc:subfield code="a">1031644</marc:subfield>
            <marc:subfield code="2">Distributör: Elib</marc:subfield>
        </marc:datafield>
        <marc:datafield tag="024" ind1="7" ind2=" ">
            <marc:subfield code="5">Esod</marc:subfield>
            <marc:subfield code="a">1031644</marc:subfield>
            <marc:subfield code="2">Distributör: Elib</marc:subfield>
        </marc:datafield>
        <marc:datafield tag="024" ind1="7" ind2=" ">
            <marc:subfield code="5">Esso</marc:subfield>
            <marc:subfield code="a">1031644</marc:subfield>
            <marc:subfield code="2">Distributör: Elib</marc:subfield>
        </marc:datafield>
        <marc:datafield tag="024" ind1="7" ind2=" ">
            <marc:subfield code="5">Fab</marc:subfield>
            <marc:subfield code="a">1031644</marc:subfield>
            <marc:subfield code="2">Distributör: Elib</marc:subfield>
        </marc:datafield>
        <marc:datafield tag="024" ind1="7" ind2=" ">
            <marc:subfield code="5">Gnes</marc:subfield>
            <marc:subfield code="a">1031644</marc:subfield>
            <marc:subfield code="2">Distributör: Elib</marc:subfield>
        </marc:datafield>
        <marc:datafield tag="024" ind1="7" ind2=" ">
            <marc:subfield code="5">Gnos</marc:subfield>
            <marc:subfield code="a">1031644</marc:subfield>
            <marc:subfield code="2">Distributör: Elib</marc:subfield>
        </marc:datafield>
        <marc:datafield tag="024" ind1="7" ind2=" ">
            <marc:subfield code="5">Habo</marc:subfield>
            <marc:subfield code="a">1031644</marc:subfield>
            <marc:subfield code="2">Distributör: Elib</marc:subfield>
        </marc:datafield>
        <marc:datafield tag="024" ind1="7" ind2=" ">
            <marc:subfield code="5">Hamn</marc:subfield>
            <marc:subfield code="a">1031644</marc:subfield>
            <marc:subfield code="2">Distributör: Elib</marc:subfield>
        </marc:datafield>
        <marc:datafield tag="024" ind1="7" ind2=" ">
            <marc:subfield code="5">Harj</marc:subfield>
            <marc:subfield code="a">1031644</marc:subfield>
            <marc:subfield code="2">Distributör: Elib</marc:subfield>
        </marc:datafield>
        <marc:datafield tag="024" ind1="7" ind2=" ">
            <marc:subfield code="5">Hasb</marc:subfield>
            <marc:subfield code="a">1031644</marc:subfield>
            <marc:subfield code="2">Distributör: Elib</marc:subfield>
        </marc:datafield>
        <marc:datafield tag="024" ind1="7" ind2=" ">
            <marc:subfield code="5">Helg</marc:subfield>
            <marc:subfield code="a">1031644</marc:subfield>
            <marc:subfield code="2">Distributör: Elib</marc:subfield>
        </marc:datafield>
        <marc:datafield tag="024" ind1="7" ind2=" ">
            <marc:subfield code="5">HibE</marc:subfield>
            <marc:subfield code="a">1031644</marc:subfield>
            <marc:subfield code="2">Distributör: Elib</marc:subfield>
        </marc:datafield>
        <marc:datafield tag="024" ind1="7" ind2=" ">
            <marc:subfield code="5">Hoor</marc:subfield>
            <marc:subfield code="a">1031644</marc:subfield>
            <marc:subfield code="2">Distributör: Elib</marc:subfield>
        </marc:datafield>
        <marc:datafield tag="024" ind1="7" ind2=" ">
            <marc:subfield code="5">HsdE</marc:subfield>
            <marc:subfield code="a">1031644</marc:subfield>
            <marc:subfield code="2">Distributör: Elib</marc:subfield>
        </marc:datafield>
        <marc:datafield tag="024" ind1="7" ind2=" ">
            <marc:subfield code="5">Hudb</marc:subfield>
            <marc:subfield code="a">1031644</marc:subfield>
            <marc:subfield code="2">Distributör: Elib</marc:subfield>
        </marc:datafield>
        <marc:datafield tag="024" ind1="7" ind2=" ">
            <marc:subfield code="5">Jflb</marc:subfield>
            <marc:subfield code="a">1031644</marc:subfield>
            <marc:subfield code="2">Distributör: Elib</marc:subfield>
        </marc:datafield>
        <marc:datafield tag="024" ind1="7" ind2=" ">
            <marc:subfield code="5">Kavl</marc:subfield>
            <marc:subfield code="a">1031644</marc:subfield>
            <marc:subfield code="2">Distributör: Elib</marc:subfield>
        </marc:datafield>
        <marc:datafield tag="024" ind1="7" ind2=" ">
            <marc:subfield code="5">Kbb</marc:subfield>
            <marc:subfield code="a">1031644</marc:subfield>
            <marc:subfield code="2">Distributör: Elib</marc:subfield>
        </marc:datafield>
        <marc:datafield tag="024" ind1="7" ind2=" ">
            <marc:subfield code="5">Krkb</marc:subfield>
            <marc:subfield code="a">1031644</marc:subfield>
            <marc:subfield code="2">Distributör: Elib</marc:subfield>
        </marc:datafield>
        <marc:datafield tag="024" ind1="7" ind2=" ">
            <marc:subfield code="5">Kssb</marc:subfield>
            <marc:subfield code="a">1031644</marc:subfield>
            <marc:subfield code="2">Distributör: Elib</marc:subfield>
        </marc:datafield>
        <marc:datafield tag="024" ind1="7" ind2=" ">
            <marc:subfield code="5">Ld</marc:subfield>
            <marc:subfield code="a">1031644</marc:subfield>
            <marc:subfield code="2">Distributör: Elib</marc:subfield>
        </marc:datafield>
        <marc:datafield tag="024" ind1="7" ind2=" ">
            <marc:subfield code="5">Less</marc:subfield>
            <marc:subfield code="a">1031644</marc:subfield>
            <marc:subfield code="2">Distributör: Elib</marc:subfield>
        </marc:datafield>
        <marc:datafield tag="024" ind1="7" ind2=" ">
            <marc:subfield code="5">Lisb</marc:subfield>
            <marc:subfield code="a">1031644</marc:subfield>
            <marc:subfield code="2">Distributör: Elib</marc:subfield>
        </marc:datafield>
        <marc:datafield tag="024" ind1="7" ind2=" ">
            <marc:subfield code="5">Ljun</marc:subfield>
            <marc:subfield code="a">1031644</marc:subfield>
            <marc:subfield code="2">Distributör: Elib</marc:subfield>
        </marc:datafield>
        <marc:datafield tag="024" ind1="7" ind2=" ">
            <marc:subfield code="5">Lobj</marc:subfield>
            <marc:subfield code="a">1031644</marc:subfield>
            <marc:subfield code="2">Distributör: Elib</marc:subfield>
        </marc:datafield>
        <marc:datafield tag="024" ind1="7" ind2=" ">
            <marc:subfield code="5">Lvab</marc:subfield>
            <marc:subfield code="a">1031644</marc:subfield>
            <marc:subfield code="2">Distributör: Elib</marc:subfield>
        </marc:datafield>
        <marc:datafield tag="024" ind1="7" ind2=" ">
            <marc:subfield code="5">MoE</marc:subfield>
            <marc:subfield code="a">1031644</marc:subfield>
            <marc:subfield code="2">Distributör: Elib</marc:subfield>
        </marc:datafield>
        <marc:datafield tag="024" ind1="7" ind2=" ">
            <marc:subfield code="5">Moln</marc:subfield>
            <marc:subfield code="a">1031644</marc:subfield>
            <marc:subfield code="2">Distributör: Elib</marc:subfield>
        </marc:datafield>
        <marc:datafield tag="024" ind1="7" ind2=" ">
            <marc:subfield code="5">Munk</marc:subfield>
            <marc:subfield code="a">1031644</marc:subfield>
            <marc:subfield code="2">Distributör: Elib</marc:subfield>
        </marc:datafield>
        <marc:datafield tag="024" ind1="7" ind2=" ">
            <marc:subfield code="5">Nafd</marc:subfield>
            <marc:subfield code="a">1031644</marc:subfield>
            <marc:subfield code="2">Distributör: Elib</marc:subfield>
        </marc:datafield>
        <marc:datafield tag="024" ind1="7" ind2=" ">
            <marc:subfield code="5">Nass</marc:subfield>
            <marc:subfield code="a">1031644</marc:subfield>
            <marc:subfield code="2">Distributör: Elib</marc:subfield>
        </marc:datafield>
        <marc:datafield tag="024" ind1="7" ind2=" ">
            <marc:subfield code="5">Norr</marc:subfield>
            <marc:subfield code="a">1031644</marc:subfield>
            <marc:subfield code="2">Distributör: Elib</marc:subfield>
        </marc:datafield>
        <marc:datafield tag="024" ind1="7" ind2=" ">
            <marc:subfield code="5">Okb</marc:subfield>
            <marc:subfield code="a">1031644</marc:subfield>
            <marc:subfield code="2">Distributör: Elib</marc:subfield>
        </marc:datafield>
        <marc:datafield tag="024" ind1="7" ind2=" ">
            <marc:subfield code="5">Or1</marc:subfield>
            <marc:subfield code="a">1031644</marc:subfield>
            <marc:subfield code="2">Distributör: Elib</marc:subfield>
        </marc:datafield>
        <marc:datafield tag="024" ind1="7" ind2=" ">
            <marc:subfield code="5">Os</marc:subfield>
            <marc:subfield code="a">1031644</marc:subfield>
            <marc:subfield code="2">Distributör: Elib</marc:subfield>
        </marc:datafield>
        <marc:datafield tag="024" ind1="7" ind2=" ">
            <marc:subfield code="5">Oxel</marc:subfield>
            <marc:subfield code="a">1031644</marc:subfield>
            <marc:subfield code="2">Distributör: Elib</marc:subfield>
        </marc:datafield>
        <marc:datafield tag="024" ind1="7" ind2=" ">
            <marc:subfield code="5">Part</marc:subfield>
            <marc:subfield code="a">1031644</marc:subfield>
            <marc:subfield code="2">Distributör: Elib</marc:subfield>
        </marc:datafield>
        <marc:datafield tag="024" ind1="7" ind2=" ">
            <marc:subfield code="5">Skfb</marc:subfield>
            <marc:subfield code="a">1031644</marc:subfield>
            <marc:subfield code="2">Distributör: Elib</marc:subfield>
        </marc:datafield>
        <marc:datafield tag="024" ind1="7" ind2=" ">
            <marc:subfield code="5">Skkf</marc:subfield>
            <marc:subfield code="a">1031644</marc:subfield>
            <marc:subfield code="2">Distributör: Elib</marc:subfield>
        </marc:datafield>
        <marc:datafield tag="024" ind1="7" ind2=" ">
            <marc:subfield code="5">Sob</marc:subfield>
            <marc:subfield code="a">1031644</marc:subfield>
            <marc:subfield code="2">Distributör: Elib</marc:subfield>
        </marc:datafield>
        <marc:datafield tag="024" ind1="7" ind2=" ">
            <marc:subfield code="5">Solb</marc:subfield>
            <marc:subfield code="a">1031644</marc:subfield>
            <marc:subfield code="2">Distributör: Elib</marc:subfield>
        </marc:datafield>
        <marc:datafield tag="024" ind1="7" ind2=" ">
            <marc:subfield code="5">Soll</marc:subfield>
            <marc:subfield code="a">1031644</marc:subfield>
            <marc:subfield code="2">Distributör: Elib</marc:subfield>
        </marc:datafield>
        <marc:datafield tag="024" ind1="7" ind2=" ">
            <marc:subfield code="5">SsbE</marc:subfield>
            <marc:subfield code="a">1031644</marc:subfield>
            <marc:subfield code="2">Distributör: Elib</marc:subfield>
        </marc:datafield>
        <marc:datafield tag="024" ind1="7" ind2=" ">
            <marc:subfield code="5">Staf</marc:subfield>
            <marc:subfield code="a">1031644</marc:subfield>
            <marc:subfield code="2">Distributör: Elib</marc:subfield>
        </marc:datafield>
        <marc:datafield tag="024" ind1="7" ind2=" ">
            <marc:subfield code="5">Sten</marc:subfield>
            <marc:subfield code="a">1031644</marc:subfield>
            <marc:subfield code="2">Distributör: Elib</marc:subfield>
        </marc:datafield>
        <marc:datafield tag="024" ind1="7" ind2=" ">
            <marc:subfield code="5">Stra</marc:subfield>
            <marc:subfield code="a">1031644</marc:subfield>
            <marc:subfield code="2">Distributör: Elib</marc:subfield>
        </marc:datafield>
        <marc:datafield tag="024" ind1="7" ind2=" ">
            <marc:subfield code="5">Sund</marc:subfield>
            <marc:subfield code="a">1031644</marc:subfield>
            <marc:subfield code="2">Distributör: Elib</marc:subfield>
        </marc:datafield>
        <marc:datafield tag="024" ind1="7" ind2=" ">
            <marc:subfield code="5">Svl</marc:subfield>
            <marc:subfield code="a">1031644</marc:subfield>
            <marc:subfield code="2">Distributör: Elib</marc:subfield>
        </marc:datafield>
        <marc:datafield tag="024" ind1="7" ind2=" ">
            <marc:subfield code="5">Taby</marc:subfield>
            <marc:subfield code="a">1031644</marc:subfield>
            <marc:subfield code="2">Distributör: Elib</marc:subfield>
        </marc:datafield>
        <marc:datafield tag="024" ind1="7" ind2=" ">
            <marc:subfield code="5">Tanu</marc:subfield>
            <marc:subfield code="a">1031644</marc:subfield>
            <marc:subfield code="2">Distributör: Elib</marc:subfield>
        </marc:datafield>
        <marc:datafield tag="024" ind1="7" ind2=" ">
            <marc:subfield code="5">TimE</marc:subfield>
            <marc:subfield code="a">1031644</marc:subfield>
            <marc:subfield code="2">Distributör: Elib</marc:subfield>
        </marc:datafield>
        <marc:datafield tag="024" ind1="7" ind2=" ">
            <marc:subfield code="5">Tkb</marc:subfield>
            <marc:subfield code="a">1031644</marc:subfield>
            <marc:subfield code="2">Distributör: Elib</marc:subfield>
        </marc:datafield>
        <marc:datafield tag="024" ind1="7" ind2=" ">
            <marc:subfield code="5">Trel</marc:subfield>
            <marc:subfield code="a">1031644</marc:subfield>
            <marc:subfield code="2">Distributör: Elib</marc:subfield>
        </marc:datafield>
        <marc:datafield tag="024" ind1="7" ind2=" ">
            <marc:subfield code="5">Tykb</marc:subfield>
            <marc:subfield code="a">1031644</marc:subfield>
            <marc:subfield code="2">Distributör: Elib</marc:subfield>
        </marc:datafield>
        <marc:datafield tag="024" ind1="7" ind2=" ">
            <marc:subfield code="5">Udd</marc:subfield>
            <marc:subfield code="a">1031644</marc:subfield>
            <marc:subfield code="2">Distributör: Elib</marc:subfield>
        </marc:datafield>
        <marc:datafield tag="024" ind1="7" ind2=" ">
            <marc:subfield code="5">Um</marc:subfield>
            <marc:subfield code="a">1031644</marc:subfield>
            <marc:subfield code="2">Distributör: Elib</marc:subfield>
        </marc:datafield>
        <marc:datafield tag="024" ind1="7" ind2=" ">
            <marc:subfield code="5">Vane</marc:subfield>
            <marc:subfield code="a">1031644</marc:subfield>
            <marc:subfield code="2">Distributör: Elib</marc:subfield>
        </marc:datafield>
        <marc:datafield tag="024" ind1="7" ind2=" ">
            <marc:subfield code="5">Vaxh</marc:subfield>
            <marc:subfield code="a">1031644</marc:subfield>
            <marc:subfield code="2">Distributör: Elib</marc:subfield>
        </marc:datafield>
        <marc:datafield tag="024" ind1="7" ind2=" ">
            <marc:subfield code="5">Vell</marc:subfield>
            <marc:subfield code="a">1031644</marc:subfield>
            <marc:subfield code="2">Distributör: Elib</marc:subfield>
        </marc:datafield>
        <marc:datafield tag="024" ind1="7" ind2=" ">
            <marc:subfield code="5">Vlib</marc:subfield>
            <marc:subfield code="a">1031644</marc:subfield>
            <marc:subfield code="2">Distributör: Elib</marc:subfield>
        </marc:datafield>
        <marc:datafield tag="035" ind1=" " ind2=" ">
            <marc:subfield code="a">Elib1031644</marc:subfield>
        </marc:datafield>
        <marc:datafield tag="040" ind1=" " ind2=" ">
            <marc:subfield code="e">a</marc:subfield>
        </marc:datafield>
        <marc:datafield tag="041" ind1=" " ind2=" ">
            <marc:subfield code="a">swe</marc:subfield>
        </marc:datafield>
        <marc:datafield tag="100" ind1="1" ind2=" ">
            <marc:subfield code="a">Fossum, Karin</marc:subfield>
            <marc:subfield code="4">aut</marc:subfield>
        </marc:datafield>
        <marc:datafield tag="245" ind1="1" ind2="0">
            <marc:subfield code="a">Svarta sekunder</marc:subfield>
            <marc:subfield code="h">[Elektronisk resurs]</marc:subfield>
        </marc:datafield>
        <marc:datafield tag="264" ind1=" " ind2="1">
            <marc:subfield code="b">Bokförlaget Forum,</marc:subfield>
            <marc:subfield code="c">2015</marc:subfield>
        </marc:datafield>
        <marc:datafield tag="300" ind1=" " ind2=" ">
            <marc:subfield code="a">219 s.</marc:subfield>
        </marc:datafield>
        <marc:datafield tag="380" ind1=" " ind2=" ">
            <marc:subfield code="a">Deckare &amp; spänning</marc:subfield>
        </marc:datafield>
        <marc:datafield tag="500" ind1=" " ind2=" ">
            <marc:subfield code="5">Alve</marc:subfield>
            <marc:subfield code="a">Online epub (1.32 MB)</marc:subfield>
        </marc:datafield>
        <marc:datafield tag="500" ind1=" " ind2=" ">
            <marc:subfield code="5">Alve</marc:subfield>
            <marc:subfield code="a">Offline epub med Adobe-kryptering (1.32 MB)</marc:subfield>
        </marc:datafield>
        <marc:datafield tag="500" ind1=" " ind2=" ">
            <marc:subfield code="5">Arlo</marc:subfield>
            <marc:subfield code="a">Online epub (1.32 MB)</marc:subfield>
        </marc:datafield>
        <marc:datafield tag="500" ind1=" " ind2=" ">
            <marc:subfield code="5">Arlo</marc:subfield>
            <marc:subfield code="a">Offline epub med Adobe-kryptering (1.32 MB)</marc:subfield>
        </marc:datafield>
        <marc:datafield tag="500" ind1=" " ind2=" ">
            <marc:subfield code="5">BinE</marc:subfield>
            <marc:subfield code="a">Online epub (1.04 MB)</marc:subfield>
        </marc:datafield>
        <marc:datafield tag="500" ind1=" " ind2=" ">
            <marc:subfield code="5">BinE</marc:subfield>
            <marc:subfield code="a">Offline epub med Adobe-kryptering (1.04 MB)</marc:subfield>
        </marc:datafield>
        <marc:datafield tag="500" ind1=" " ind2=" ">
            <marc:subfield code="5">Biv</marc:subfield>
            <marc:subfield code="a">Online epub (1.04 MB)</marc:subfield>
        </marc:datafield>
        <marc:datafield tag="500" ind1=" " ind2=" ">
            <marc:subfield code="5">Biv</marc:subfield>
            <marc:subfield code="a">Offline epub med Adobe-kryptering (1.04 MB)</marc:subfield>
        </marc:datafield>
        <marc:datafield tag="500" ind1=" " ind2=" ">
            <marc:subfield code="5">BoE</marc:subfield>
            <marc:subfield code="a">Online epub (1.04 MB)</marc:subfield>
        </marc:datafield>
        <marc:datafield tag="500" ind1=" " ind2=" ">
            <marc:subfield code="5">BoE</marc:subfield>
            <marc:subfield code="a">Offline epub med Adobe-kryptering (1.04 MB)</marc:subfield>
        </marc:datafield>
        <marc:datafield tag="500" ind1=" " ind2=" ">
            <marc:subfield code="5">Dand</marc:subfield>
            <marc:subfield code="a">Online epub (1.32 MB)</marc:subfield>
        </marc:datafield>
        <marc:datafield tag="500" ind1=" " ind2=" ">
            <marc:subfield code="5">Dand</marc:subfield>
            <marc:subfield code="a">Offline epub med Adobe-kryptering (1.32 MB)</marc:subfield>
        </marc:datafield>
        <marc:datafield tag="500" ind1=" " ind2=" ">
            <marc:subfield code="5">Eble</marc:subfield>
            <marc:subfield code="a">Online epub (1.32 MB)</marc:subfield>
        </marc:datafield>
        <marc:datafield tag="500" ind1=" " ind2=" ">
            <marc:subfield code="5">Eble</marc:subfield>
            <marc:subfield code="a">Offline epub med Adobe-kryptering (1.32 MB)</marc:subfield>
        </marc:datafield>
        <marc:datafield tag="500" ind1=" " ind2=" ">
            <marc:subfield code="5">Elan</marc:subfield>
            <marc:subfield code="a">Online epub (1.04 MB)</marc:subfield>
        </marc:datafield>
        <marc:datafield tag="500" ind1=" " ind2=" ">
            <marc:subfield code="5">Elan</marc:subfield>
            <marc:subfield code="a">Offline epub med Adobe-kryptering (1.04 MB)</marc:subfield>
        </marc:datafield>
        <marc:datafield tag="500" ind1=" " ind2=" ">
            <marc:subfield code="5">Es1</marc:subfield>
            <marc:subfield code="a">Online epub (1.32 MB)</marc:subfield>
        </marc:datafield>
        <marc:datafield tag="500" ind1=" " ind2=" ">
            <marc:subfield code="5">Es1</marc:subfield>
            <marc:subfield code="a">Offline epub med Adobe-kryptering (1.32 MB)</marc:subfield>
        </marc:datafield>
        <marc:datafield tag="500" ind1=" " ind2=" ">
            <marc:subfield code="5">Eslo</marc:subfield>
            <marc:subfield code="a">Online epub (1.32 MB)</marc:subfield>
        </marc:datafield>
        <marc:datafield tag="500" ind1=" " ind2=" ">
            <marc:subfield code="5">Eslo</marc:subfield>
            <marc:subfield code="a">Offline epub med Adobe-kryptering (1.32 MB)</marc:subfield>
        </marc:datafield>
        <marc:datafield tag="500" ind1=" " ind2=" ">
            <marc:subfield code="5">Esno</marc:subfield>
            <marc:subfield code="a">Online epub (1.32 MB)</marc:subfield>
        </marc:datafield>
        <marc:datafield tag="500" ind1=" " ind2=" ">
            <marc:subfield code="5">Esno</marc:subfield>
            <marc:subfield code="a">Offline epub med Adobe-kryptering (1.32 MB)</marc:subfield>
        </marc:datafield>
        <marc:datafield tag="500" ind1=" " ind2=" ">
            <marc:subfield code="5">Esod</marc:subfield>
            <marc:subfield code="a">Online epub (1.32 MB)</marc:subfield>
        </marc:datafield>
        <marc:datafield tag="500" ind1=" " ind2=" ">
            <marc:subfield code="5">Esod</marc:subfield>
            <marc:subfield code="a">Offline epub med Adobe-kryptering (1.32 MB)</marc:subfield>
        </marc:datafield>
        <marc:datafield tag="500" ind1=" " ind2=" ">
            <marc:subfield code="5">Esso</marc:subfield>
            <marc:subfield code="a">Online epub (1.32 MB)</marc:subfield>
        </marc:datafield>
        <marc:datafield tag="500" ind1=" " ind2=" ">
            <marc:subfield code="5">Esso</marc:subfield>
            <marc:subfield code="a">Offline epub med Adobe-kryptering (1.32 MB)</marc:subfield>
        </marc:datafield>
        <marc:datafield tag="500" ind1=" " ind2=" ">
            <marc:subfield code="5">Fab</marc:subfield>
            <marc:subfield code="a">Online epub (1.32 MB)</marc:subfield>
        </marc:datafield>
        <marc:datafield tag="500" ind1=" " ind2=" ">
            <marc:subfield code="5">Fab</marc:subfield>
            <marc:subfield code="a">Offline epub med Adobe-kryptering (1.32 MB)</marc:subfield>
        </marc:datafield>
        <marc:datafield tag="500" ind1=" " ind2=" ">
            <marc:subfield code="5">Gnes</marc:subfield>
            <marc:subfield code="a">Online epub (1.04 MB)</marc:subfield>
        </marc:datafield>
        <marc:datafield tag="500" ind1=" " ind2=" ">
            <marc:subfield code="5">Gnes</marc:subfield>
            <marc:subfield code="a">Offline epub med Adobe-kryptering (1.04 MB)</marc:subfield>
        </marc:datafield>
        <marc:datafield tag="500" ind1=" " ind2=" ">
            <marc:subfield code="5">Gnos</marc:subfield>
            <marc:subfield code="a">Online epub (1.04 MB)</marc:subfield>
        </marc:datafield>
        <marc:datafield tag="500" ind1=" " ind2=" ">
            <marc:subfield code="5">Gnos</marc:subfield>
            <marc:subfield code="a">Offline epub med Adobe-kryptering (1.04 MB)</marc:subfield>
        </marc:datafield>
        <marc:datafield tag="500" ind1=" " ind2=" ">
            <marc:subfield code="5">Habo</marc:subfield>
            <marc:subfield code="a">Online epub (1.04 MB)</marc:subfield>
        </marc:datafield>
        <marc:datafield tag="500" ind1=" " ind2=" ">
            <marc:subfield code="5">Habo</marc:subfield>
            <marc:subfield code="a">Offline epub med Adobe-kryptering (1.04 MB)</marc:subfield>
        </marc:datafield>
        <marc:datafield tag="500" ind1=" " ind2=" ">
            <marc:subfield code="5">Hamn</marc:subfield>
            <marc:subfield code="a">Online epub (1.32 MB)</marc:subfield>
        </marc:datafield>
        <marc:datafield tag="500" ind1=" " ind2=" ">
            <marc:subfield code="5">Hamn</marc:subfield>
            <marc:subfield code="a">Offline epub med Adobe-kryptering (1.32 MB)</marc:subfield>
        </marc:datafield>
        <marc:datafield tag="500" ind1=" " ind2=" ">
            <marc:subfield code="5">Harj</marc:subfield>
            <marc:subfield code="a">Online epub (1.04 MB)</marc:subfield>
        </marc:datafield>
        <marc:datafield tag="500" ind1=" " ind2=" ">
            <marc:subfield code="5">Harj</marc:subfield>
            <marc:subfield code="a">Offline epub med Adobe-kryptering (1.04 MB)</marc:subfield>
        </marc:datafield>
        <marc:datafield tag="500" ind1=" " ind2=" ">
            <marc:subfield code="5">Hasb</marc:subfield>
            <marc:subfield code="a">Online epub (1.04 MB)</marc:subfield>
        </marc:datafield>
        <marc:datafield tag="500" ind1=" " ind2=" ">
            <marc:subfield code="5">Hasb</marc:subfield>
            <marc:subfield code="a">Offline epub med Adobe-kryptering (1.04 MB)</marc:subfield>
        </marc:datafield>
        <marc:datafield tag="500" ind1=" " ind2=" ">
            <marc:subfield code="5">Helg</marc:subfield>
            <marc:subfield code="a">Online epub (1.04 MB)</marc:subfield>
        </marc:datafield>
        <marc:datafield tag="500" ind1=" " ind2=" ">
            <marc:subfield code="5">Helg</marc:subfield>
            <marc:subfield code="a">Offline epub med Adobe-kryptering (1.04 MB)</marc:subfield>
        </marc:datafield>
        <marc:datafield tag="500" ind1=" " ind2=" ">
            <marc:subfield code="5">HibE</marc:subfield>
            <marc:subfield code="a">Online epub (1.04 MB)</marc:subfield>
        </marc:datafield>
        <marc:datafield tag="500" ind1=" " ind2=" ">
            <marc:subfield code="5">HibE</marc:subfield>
            <marc:subfield code="a">Offline epub med Adobe-kryptering (1.04 MB)</marc:subfield>
        </marc:datafield>
        <marc:datafield tag="500" ind1=" " ind2=" ">
            <marc:subfield code="5">Hoor</marc:subfield>
            <marc:subfield code="a">Online epub (1.32 MB)</marc:subfield>
        </marc:datafield>
        <marc:datafield tag="500" ind1=" " ind2=" ">
            <marc:subfield code="5">Hoor</marc:subfield>
            <marc:subfield code="a">Offline epub med Adobe-kryptering (1.32 MB)</marc:subfield>
        </marc:datafield>
        <marc:datafield tag="500" ind1=" " ind2=" ">
            <marc:subfield code="5">HsdE</marc:subfield>
            <marc:subfield code="a">Online epub (1.04 MB)</marc:subfield>
        </marc:datafield>
        <marc:datafield tag="500" ind1=" " ind2=" ">
            <marc:subfield code="5">HsdE</marc:subfield>
            <marc:subfield code="a">Offline epub med Adobe-kryptering (1.04 MB)</marc:subfield>
        </marc:datafield>
        <marc:datafield tag="500" ind1=" " ind2=" ">
            <marc:subfield code="5">Hudb</marc:subfield>
            <marc:subfield code="a">Online epub (1.04 MB)</marc:subfield>
        </marc:datafield>
        <marc:datafield tag="500" ind1=" " ind2=" ">
            <marc:subfield code="5">Hudb</marc:subfield>
            <marc:subfield code="a">Offline epub med Adobe-kryptering (1.04 MB)</marc:subfield>
        </marc:datafield>
        <marc:datafield tag="500" ind1=" " ind2=" ">
            <marc:subfield code="5">Jflb</marc:subfield>
            <marc:subfield code="a">Online epub (1.32 MB)</marc:subfield>
        </marc:datafield>
        <marc:datafield tag="500" ind1=" " ind2=" ">
            <marc:subfield code="5">Jflb</marc:subfield>
            <marc:subfield code="a">Offline epub med Adobe-kryptering (1.32 MB)</marc:subfield>
        </marc:datafield>
        <marc:datafield tag="500" ind1=" " ind2=" ">
            <marc:subfield code="5">Kavl</marc:subfield>
            <marc:subfield code="a">Online epub (1.32 MB)</marc:subfield>
        </marc:datafield>
        <marc:datafield tag="500" ind1=" " ind2=" ">
            <marc:subfield code="5">Kavl</marc:subfield>
            <marc:subfield code="a">Offline epub med Adobe-kryptering (1.32 MB)</marc:subfield>
        </marc:datafield>
        <marc:datafield tag="500" ind1=" " ind2=" ">
            <marc:subfield code="5">Kbb</marc:subfield>
            <marc:subfield code="a">Online epub (1.32 MB)</marc:subfield>
        </marc:datafield>
        <marc:datafield tag="500" ind1=" " ind2=" ">
            <marc:subfield code="5">Kbb</marc:subfield>
            <marc:subfield code="a">Offline epub med Adobe-kryptering (1.32 MB)</marc:subfield>
        </marc:datafield>
        <marc:datafield tag="500" ind1=" " ind2=" ">
            <marc:subfield code="5">Krkb</marc:subfield>
            <marc:subfield code="a">Online epub (1.04 MB)</marc:subfield>
        </marc:datafield>
        <marc:datafield tag="500" ind1=" " ind2=" ">
            <marc:subfield code="5">Krkb</marc:subfield>
            <marc:subfield code="a">Offline epub med Adobe-kryptering (1.04 MB)</marc:subfield>
        </marc:datafield>
        <marc:datafield tag="500" ind1=" " ind2=" ">
            <marc:subfield code="5">Kssb</marc:subfield>
            <marc:subfield code="a">Online epub (1.04 MB)</marc:subfield>
        </marc:datafield>
        <marc:datafield tag="500" ind1=" " ind2=" ">
            <marc:subfield code="5">Kssb</marc:subfield>
            <marc:subfield code="a">Offline epub med Adobe-kryptering (1.04 MB)</marc:subfield>
        </marc:datafield>
        <marc:datafield tag="500" ind1=" " ind2=" ">
            <marc:subfield code="5">Ld</marc:subfield>
            <marc:subfield code="a">Online epub (1.32 MB)</marc:subfield>
        </marc:datafield>
        <marc:datafield tag="500" ind1=" " ind2=" ">
            <marc:subfield code="5">Ld</marc:subfield>
            <marc:subfield code="a">Offline epub med Adobe-kryptering (1.32 MB)</marc:subfield>
        </marc:datafield>
        <marc:datafield tag="500" ind1=" " ind2=" ">
            <marc:subfield code="5">Less</marc:subfield>
            <marc:subfield code="a">Online epub (1.04 MB)</marc:subfield>
        </marc:datafield>
        <marc:datafield tag="500" ind1=" " ind2=" ">
            <marc:subfield code="5">Less</marc:subfield>
            <marc:subfield code="a">Offline epub med Adobe-kryptering (1.04 MB)</marc:subfield>
        </marc:datafield>
        <marc:datafield tag="500" ind1=" " ind2=" ">
            <marc:subfield code="5">Lisb</marc:subfield>
            <marc:subfield code="a">Online epub (1.04 MB)</marc:subfield>
        </marc:datafield>
        <marc:datafield tag="500" ind1=" " ind2=" ">
            <marc:subfield code="5">Lisb</marc:subfield>
            <marc:subfield code="a">Offline epub med Adobe-kryptering (1.04 MB)</marc:subfield>
        </marc:datafield>
        <marc:datafield tag="500" ind1=" " ind2=" ">
            <marc:subfield code="5">Ljun</marc:subfield>
            <marc:subfield code="a">Online epub (1.32 MB)</marc:subfield>
        </marc:datafield>
        <marc:datafield tag="500" ind1=" " ind2=" ">
            <marc:subfield code="5">Ljun</marc:subfield>
            <marc:subfield code="a">Offline epub med Adobe-kryptering (1.32 MB)</marc:subfield>
        </marc:datafield>
        <marc:datafield tag="500" ind1=" " ind2=" ">
            <marc:subfield code="5">Lobj</marc:subfield>
            <marc:subfield code="a">Online epub (1.32 MB)</marc:subfield>
        </marc:datafield>
        <marc:datafield tag="500" ind1=" " ind2=" ">
            <marc:subfield code="5">Lobj</marc:subfield>
            <marc:subfield code="a">Offline epub med Adobe-kryptering (1.32 MB)</marc:subfield>
        </marc:datafield>
        <marc:datafield tag="500" ind1=" " ind2=" ">
            <marc:subfield code="5">Lvab</marc:subfield>
            <marc:subfield code="a">Online epub (1.32 MB)</marc:subfield>
        </marc:datafield>
        <marc:datafield tag="500" ind1=" " ind2=" ">
            <marc:subfield code="5">Lvab</marc:subfield>
            <marc:subfield code="a">Offline epub med Adobe-kryptering (1.32 MB)</marc:subfield>
        </marc:datafield>
        <marc:datafield tag="500" ind1=" " ind2=" ">
            <marc:subfield code="5">MoE</marc:subfield>
            <marc:subfield code="a">Online epub (1.04 MB)</marc:subfield>
        </marc:datafield>
        <marc:datafield tag="500" ind1=" " ind2=" ">
            <marc:subfield code="5">MoE</marc:subfield>
            <marc:subfield code="a">Offline epub med Adobe-kryptering (1.04 MB)</marc:subfield>
        </marc:datafield>
        <marc:datafield tag="500" ind1=" " ind2=" ">
            <marc:subfield code="5">Moln</marc:subfield>
            <marc:subfield code="a">Online epub (1.04 MB)</marc:subfield>
        </marc:datafield>
        <marc:datafield tag="500" ind1=" " ind2=" ">
            <marc:subfield code="5">Moln</marc:subfield>
            <marc:subfield code="a">Offline epub med Adobe-kryptering (1.04 MB)</marc:subfield>
        </marc:datafield>
        <marc:datafield tag="500" ind1=" " ind2=" ">
            <marc:subfield code="5">Munk</marc:subfield>
            <marc:subfield code="a">Online epub (1.32 MB)</marc:subfield>
        </marc:datafield>
        <marc:datafield tag="500" ind1=" " ind2=" ">
            <marc:subfield code="5">Munk</marc:subfield>
            <marc:subfield code="a">Offline epub med Adobe-kryptering (1.32 MB)</marc:subfield>
        </marc:datafield>
        <marc:datafield tag="500" ind1=" " ind2=" ">
            <marc:subfield code="5">Nafd</marc:subfield>
            <marc:subfield code="a">Online epub (1.32 MB)</marc:subfield>
        </marc:datafield>
        <marc:datafield tag="500" ind1=" " ind2=" ">
            <marc:subfield code="5">Nafd</marc:subfield>
            <marc:subfield code="a">Offline epub med Adobe-kryptering (1.32 MB)</marc:subfield>
        </marc:datafield>
        <marc:datafield tag="500" ind1=" " ind2=" ">
            <marc:subfield code="5">Nass</marc:subfield>
            <marc:subfield code="a">Online epub (1.04 MB)</marc:subfield>
        </marc:datafield>
        <marc:datafield tag="500" ind1=" " ind2=" ">
            <marc:subfield code="5">Nass</marc:subfield>
            <marc:subfield code="a">Offline epub med Adobe-kryptering (1.04 MB)</marc:subfield>
        </marc:datafield>
        <marc:datafield tag="500" ind1=" " ind2=" ">
            <marc:subfield code="5">Norr</marc:subfield>
            <marc:subfield code="a">Online epub (1.32 MB)</marc:subfield>
        </marc:datafield>
        <marc:datafield tag="500" ind1=" " ind2=" ">
            <marc:subfield code="5">Norr</marc:subfield>
            <marc:subfield code="a">Offline epub med Adobe-kryptering (1.32 MB)</marc:subfield>
        </marc:datafield>
        <marc:datafield tag="500" ind1=" " ind2=" ">
            <marc:subfield code="5">Okb</marc:subfield>
            <marc:subfield code="a">Online epub (1.04 MB)</marc:subfield>
        </marc:datafield>
        <marc:datafield tag="500" ind1=" " ind2=" ">
            <marc:subfield code="5">Okb</marc:subfield>
            <marc:subfield code="a">Offline epub med Adobe-kryptering (1.04 MB)</marc:subfield>
        </marc:datafield>
        <marc:datafield tag="500" ind1=" " ind2=" ">
            <marc:subfield code="5">Or1</marc:subfield>
            <marc:subfield code="a">Online epub (1.32 MB)</marc:subfield>
        </marc:datafield>
        <marc:datafield tag="500" ind1=" " ind2=" ">
            <marc:subfield code="5">Or1</marc:subfield>
            <marc:subfield code="a">Offline epub med Adobe-kryptering (1.32 MB)</marc:subfield>
        </marc:datafield>
        <marc:datafield tag="500" ind1=" " ind2=" ">
            <marc:subfield code="5">Os</marc:subfield>
            <marc:subfield code="a">Online epub (1.04 MB)</marc:subfield>
        </marc:datafield>
        <marc:datafield tag="500" ind1=" " ind2=" ">
            <marc:subfield code="5">Os</marc:subfield>
            <marc:subfield code="a">Offline epub med Adobe-kryptering (1.04 MB)</marc:subfield>
        </marc:datafield>
        <marc:datafield tag="500" ind1=" " ind2=" ">
            <marc:subfield code="5">Oxel</marc:subfield>
            <marc:subfield code="a">Online epub (1.04 MB)</marc:subfield>
        </marc:datafield>
        <marc:datafield tag="500" ind1=" " ind2=" ">
            <marc:subfield code="5">Oxel</marc:subfield>
            <marc:subfield code="a">Offline epub med Adobe-kryptering (1.04 MB)</marc:subfield>
        </marc:datafield>
        <marc:datafield tag="500" ind1=" " ind2=" ">
            <marc:subfield code="5">Part</marc:subfield>
            <marc:subfield code="a">Online epub (1.32 MB)</marc:subfield>
        </marc:datafield>
        <marc:datafield tag="500" ind1=" " ind2=" ">
            <marc:subfield code="5">Part</marc:subfield>
            <marc:subfield code="a">Offline epub med Adobe-kryptering (1.32 MB)</marc:subfield>
        </marc:datafield>
        <marc:datafield tag="500" ind1=" " ind2=" ">
            <marc:subfield code="5">Skfb</marc:subfield>
            <marc:subfield code="a">Online epub (1.32 MB)</marc:subfield>
        </marc:datafield>
        <marc:datafield tag="500" ind1=" " ind2=" ">
            <marc:subfield code="5">Skfb</marc:subfield>
            <marc:subfield code="a">Offline epub med Adobe-kryptering (1.32 MB)</marc:subfield>
        </marc:datafield>
        <marc:datafield tag="500" ind1=" " ind2=" ">
            <marc:subfield code="5">Skkf</marc:subfield>
            <marc:subfield code="a">Online epub (1.32 MB)</marc:subfield>
        </marc:datafield>
        <marc:datafield tag="500" ind1=" " ind2=" ">
            <marc:subfield code="5">Skkf</marc:subfield>
            <marc:subfield code="a">Offline epub med Adobe-kryptering (1.32 MB)</marc:subfield>
        </marc:datafield>
        <marc:datafield tag="500" ind1=" " ind2=" ">
            <marc:subfield code="5">Sob</marc:subfield>
            <marc:subfield code="a">Online epub (1.32 MB)</marc:subfield>
        </marc:datafield>
        <marc:datafield tag="500" ind1=" " ind2=" ">
            <marc:subfield code="5">Sob</marc:subfield>
            <marc:subfield code="a">Offline epub med Adobe-kryptering (1.32 MB)</marc:subfield>
        </marc:datafield>
        <marc:datafield tag="500" ind1=" " ind2=" ">
            <marc:subfield code="5">Solb</marc:subfield>
            <marc:subfield code="a">Online epub (1.32 MB)</marc:subfield>
        </marc:datafield>
        <marc:datafield tag="500" ind1=" " ind2=" ">
            <marc:subfield code="5">Solb</marc:subfield>
            <marc:subfield code="a">Offline epub med Adobe-kryptering (1.32 MB)</marc:subfield>
        </marc:datafield>
        <marc:datafield tag="500" ind1=" " ind2=" ">
            <marc:subfield code="5">Soll</marc:subfield>
            <marc:subfield code="a">Online epub (1.04 MB)</marc:subfield>
        </marc:datafield>
        <marc:datafield tag="500" ind1=" " ind2=" ">
            <marc:subfield code="5">Soll</marc:subfield>
            <marc:subfield code="a">Offline epub med Adobe-kryptering (1.04 MB)</marc:subfield>
        </marc:datafield>
        <marc:datafield tag="500" ind1=" " ind2=" ">
            <marc:subfield code="5">SsbE</marc:subfield>
            <marc:subfield code="a">Online epub (1.04 MB)</marc:subfield>
        </marc:datafield>
        <marc:datafield tag="500" ind1=" " ind2=" ">
            <marc:subfield code="5">SsbE</marc:subfield>
            <marc:subfield code="a">Offline epub med Adobe-kryptering (1.04 MB)</marc:subfield>
        </marc:datafield>
        <marc:datafield tag="500" ind1=" " ind2=" ">
            <marc:subfield code="5">Staf</marc:subfield>
            <marc:subfield code="a">Online epub (1.32 MB)</marc:subfield>
        </marc:datafield>
        <marc:datafield tag="500" ind1=" " ind2=" ">
            <marc:subfield code="5">Staf</marc:subfield>
            <marc:subfield code="a">Offline epub med Adobe-kryptering (1.32 MB)</marc:subfield>
        </marc:datafield>
        <marc:datafield tag="500" ind1=" " ind2=" ">
            <marc:subfield code="5">Sten</marc:subfield>
            <marc:subfield code="a">Online epub (1.32 MB)</marc:subfield>
        </marc:datafield>
        <marc:datafield tag="500" ind1=" " ind2=" ">
            <marc:subfield code="5">Sten</marc:subfield>
            <marc:subfield code="a">Offline epub med Adobe-kryptering (1.32 MB)</marc:subfield>
        </marc:datafield>
        <marc:datafield tag="500" ind1=" " ind2=" ">
            <marc:subfield code="5">Stra</marc:subfield>
            <marc:subfield code="a">Online epub (1.32 MB)</marc:subfield>
        </marc:datafield>
        <marc:datafield tag="500" ind1=" " ind2=" ">
            <marc:subfield code="5">Stra</marc:subfield>
            <marc:subfield code="a">Offline epub med Adobe-kryptering (1.32 MB)</marc:subfield>
        </marc:datafield>
        <marc:datafield tag="500" ind1=" " ind2=" ">
            <marc:subfield code="5">Sund</marc:subfield>
            <marc:subfield code="a">Online epub (1.32 MB)</marc:subfield>
        </marc:datafield>
        <marc:datafield tag="500" ind1=" " ind2=" ">
            <marc:subfield code="5">Sund</marc:subfield>
            <marc:subfield code="a">Offline epub med Adobe-kryptering (1.32 MB)</marc:subfield>
        </marc:datafield>
        <marc:datafield tag="500" ind1=" " ind2=" ">
            <marc:subfield code="5">Svl</marc:subfield>
            <marc:subfield code="a">Online epub (1.32 MB)</marc:subfield>
        </marc:datafield>
        <marc:datafield tag="500" ind1=" " ind2=" ">
            <marc:subfield code="5">Svl</marc:subfield>
            <marc:subfield code="a">Offline epub med Adobe-kryptering (1.32 MB)</marc:subfield>
        </marc:datafield>
        <marc:datafield tag="500" ind1=" " ind2=" ">
            <marc:subfield code="5">Taby</marc:subfield>
            <marc:subfield code="a">Online epub (1.32 MB)</marc:subfield>
        </marc:datafield>
        <marc:datafield tag="500" ind1=" " ind2=" ">
            <marc:subfield code="5">Taby</marc:subfield>
            <marc:subfield code="a">Offline epub med Adobe-kryptering (1.32 MB)</marc:subfield>
        </marc:datafield>
        <marc:datafield tag="500" ind1=" " ind2=" ">
            <marc:subfield code="5">Tanu</marc:subfield>
            <marc:subfield code="a">Online epub (1.32 MB)</marc:subfield>
        </marc:datafield>
        <marc:datafield tag="500" ind1=" " ind2=" ">
            <marc:subfield code="5">Tanu</marc:subfield>
            <marc:subfield code="a">Offline epub med Adobe-kryptering (1.32 MB)</marc:subfield>
        </marc:datafield>
        <marc:datafield tag="500" ind1=" " ind2=" ">
            <marc:subfield code="5">TimE</marc:subfield>
            <marc:subfield code="a">Online epub (1.04 MB)</marc:subfield>
        </marc:datafield>
        <marc:datafield tag="500" ind1=" " ind2=" ">
            <marc:subfield code="5">TimE</marc:subfield>
            <marc:subfield code="a">Offline epub med Adobe-kryptering (1.04 MB)</marc:subfield>
        </marc:datafield>
        <marc:datafield tag="500" ind1=" " ind2=" ">
            <marc:subfield code="5">Tkb</marc:subfield>
            <marc:subfield code="a">Online epub (1.04 MB)</marc:subfield>
        </marc:datafield>
        <marc:datafield tag="500" ind1=" " ind2=" ">
            <marc:subfield code="5">Tkb</marc:subfield>
            <marc:subfield code="a">Offline epub med Adobe-kryptering (1.04 MB)</marc:subfield>
        </marc:datafield>
        <marc:datafield tag="500" ind1=" " ind2=" ">
            <marc:subfield code="5">Trel</marc:subfield>
            <marc:subfield code="a">Online epub (1.04 MB)</marc:subfield>
        </marc:datafield>
        <marc:datafield tag="500" ind1=" " ind2=" ">
            <marc:subfield code="5">Trel</marc:subfield>
            <marc:subfield code="a">Offline epub med Adobe-kryptering (1.04 MB)</marc:subfield>
        </marc:datafield>
        <marc:datafield tag="500" ind1=" " ind2=" ">
            <marc:subfield code="5">Tykb</marc:subfield>
            <marc:subfield code="a">Online epub (1.32 MB)</marc:subfield>
        </marc:datafield>
        <marc:datafield tag="500" ind1=" " ind2=" ">
            <marc:subfield code="5">Tykb</marc:subfield>
            <marc:subfield code="a">Offline epub med Adobe-kryptering (1.32 MB)</marc:subfield>
        </marc:datafield>
        <marc:datafield tag="500" ind1=" " ind2=" ">
            <marc:subfield code="5">Udd</marc:subfield>
            <marc:subfield code="a">Online epub (1.04 MB)</marc:subfield>
        </marc:datafield>
        <marc:datafield tag="500" ind1=" " ind2=" ">
            <marc:subfield code="5">Udd</marc:subfield>
            <marc:subfield code="a">Offline epub med Adobe-kryptering (1.04 MB)</marc:subfield>
        </marc:datafield>
        <marc:datafield tag="500" ind1=" " ind2=" ">
            <marc:subfield code="5">Um</marc:subfield>
            <marc:subfield code="a">Online epub (1.04 MB)</marc:subfield>
        </marc:datafield>
        <marc:datafield tag="500" ind1=" " ind2=" ">
            <marc:subfield code="5">Um</marc:subfield>
            <marc:subfield code="a">Offline epub med Adobe-kryptering (1.04 MB)</marc:subfield>
        </marc:datafield>
        <marc:datafield tag="500" ind1=" " ind2=" ">
            <marc:subfield code="5">Vane</marc:subfield>
            <marc:subfield code="a">Online epub (1.32 MB)</marc:subfield>
        </marc:datafield>
        <marc:datafield tag="500" ind1=" " ind2=" ">
            <marc:subfield code="5">Vane</marc:subfield>
            <marc:subfield code="a">Offline epub med Adobe-kryptering (1.32 MB)</marc:subfield>
        </marc:datafield>
        <marc:datafield tag="500" ind1=" " ind2=" ">
            <marc:subfield code="5">Vaxh</marc:subfield>
            <marc:subfield code="a">Online epub (1.32 MB)</marc:subfield>
        </marc:datafield>
        <marc:datafield tag="500" ind1=" " ind2=" ">
            <marc:subfield code="5">Vaxh</marc:subfield>
            <marc:subfield code="a">Offline epub med Adobe-kryptering (1.32 MB)</marc:subfield>
        </marc:datafield>
        <marc:datafield tag="500" ind1=" " ind2=" ">
            <marc:subfield code="5">Vell</marc:subfield>
            <marc:subfield code="a">Online epub (1.32 MB)</marc:subfield>
        </marc:datafield>
        <marc:datafield tag="500" ind1=" " ind2=" ">
            <marc:subfield code="5">Vell</marc:subfield>
            <marc:subfield code="a">Offline epub med Adobe-kryptering (1.32 MB)</marc:subfield>
        </marc:datafield>
        <marc:datafield tag="500" ind1=" " ind2=" ">
            <marc:subfield code="5">Vlib</marc:subfield>
            <marc:subfield code="a">Online epub (1.04 MB)</marc:subfield>
        </marc:datafield>
        <marc:datafield tag="500" ind1=" " ind2=" ">
            <marc:subfield code="5">Vlib</marc:subfield>
            <marc:subfield code="a">Offline epub med Adobe-kryptering (1.04 MB)</marc:subfield>
        </marc:datafield>
        <marc:datafield tag="520" ind1=" " ind2=" ">
            <marc:subfield code="a">Sjätte delen i serien om kriminalkommissarie Konrad Sejer!Jacob Skarre noterade på blocket vad kvinnan sade, och en rad motstridiga känslor växte fram inom honom. Ida Joner, en tioårig flicka från Glasbruket, var två timmar försenad. Något måste ha hänt. Men det behövde inte vara något förfärligt, bara en liten bagatell. Som ett smärtande getingstick först, och så den ljuvaste lindring av dem alla. Mors trygga famn. Han log för sig själv vid tanken ? han hade sett detta så många gånger förr. Samtidigt skyggade han inför allt det som kanske skulle komma.&amp;nbsp;Ida Joner skulle bara ta en tur till kiosken på sin gula cykel för att köpa senaste numret av hästtidningen Wendy och så Bugg för pengarna som blev över. Men hon kommer inte tillbaka. Den tionde september, nio dagar senare och den dagen hon skulle ha fyllt tio år, hittar man henne vid en vägkant, fint och ordentligt inlindad i ett blommigt täcke.&amp;nbsp;Hennes ansikte är fullt synligt, ögonen slutna. Kinderna är mycket bleka, huden till synes helt oskadd. Inga röda märken, inga skador på huvudet, inget synligt blod, inga spår av smärta. Men något är fel. Hon har inte på sig den joggingdress och de skor hon försvann i. Hon är klädd i ett nytt, vitt nattlinne, hon påminner om en liten älva i en saga.&amp;nbsp;Det blir en lång och svår utredning för Konrad Sejer och hans assistent Jacob Skarre. Här finns inget motiv, ingen logisk förklaring till mordet. Återigen visar Karin Fossum sin otroliga begåvning att beskriva och tränga in i människors psyke, med djup insikt och stor medkänsla.&amp;nbsp;Svarta sekunder är Karin Fossums sjätte kriminalroman. Sammanlagt har hennes böcker sålts i mer än 500 000 exemplar i Sverige.Översättare:Helena Örnkloo,Översättare:Ulf Örnkloo [Elib]</marc:subfield>
        </marc:datafield>
        <marc:datafield tag="599" ind1=" " ind2=" ">
            <marc:subfield code="a">Ändrad av Elib 2016-06-07</marc:subfield>
        </marc:datafield>
        <marc:datafield tag="700" ind1="1" ind2=" ">
            <marc:subfield code="a">Örnkloo, Helena</marc:subfield>
            <marc:subfield code="4">trl</marc:subfield>
        </marc:datafield>
        <marc:datafield tag="700" ind1="1" ind2=" ">
            <marc:subfield code="a">Örnkloo, Ulf</marc:subfield>
            <marc:subfield code="4">trl</marc:subfield>
        </marc:datafield>
        <marc:datafield tag="856" ind1="4" ind2="2">
            <marc:subfield code="u">https://images.elib.se/cover/1031644/1031644_201511121814.jpg</marc:subfield>
            <marc:subfield code="x">digipic</marc:subfield>
            <marc:subfield code="z">Omslagsbild</marc:subfield>
        </marc:datafield>
        <marc:datafield tag="856" ind1="4" ind2="2">
            <marc:subfield code="5">Hamn</marc:subfield>
            <marc:subfield code="u">https://bibliotek.ranrike.se/digitala-biblioteket</marc:subfield>
            <marc:subfield code="x">origin:Elib</marc:subfield>
            <marc:subfield code="z">Låna från ditt bibliotek. Lånekort krävs.</marc:subfield>
        </marc:datafield>
        <marc:datafield tag="856" ind1="4" ind2="2">
            <marc:subfield code="5">HibE</marc:subfield>
            <marc:subfield code="u">http://hb.elib.se/Books/Details/1031644</marc:subfield>
            <marc:subfield code="x">origin:Elib</marc:subfield>
            <marc:subfield code="z">Låna från ditt bibliotek. Lånekort krävs.</marc:subfield>
        </marc:datafield>
        <marc:datafield tag="856" ind1="4" ind2="2">
            <marc:subfield code="5">MoE</marc:subfield>
            <marc:subfield code="u">http://malmo.elib.se/Books/Details/1031644</marc:subfield>
            <marc:subfield code="x">origin:Elib</marc:subfield>
            <marc:subfield code="z">Låna från ditt bibliotek. Lånekort krävs.</marc:subfield>
        </marc:datafield>
        <marc:datafield tag="856" ind1="4" ind2="2">
            <marc:subfield code="5">Munk</marc:subfield>
            <marc:subfield code="u">https://bibliotek.ranrike.se/digitala-biblioteket</marc:subfield>
            <marc:subfield code="x">origin:Elib</marc:subfield>
            <marc:subfield code="z">Låna från ditt bibliotek. Lånekort krävs.</marc:subfield>
        </marc:datafield>
        <marc:datafield tag="856" ind1="4" ind2="2">
            <marc:subfield code="5">Skkf</marc:subfield>
            <marc:subfield code="u">https://bibliotek.ranrike.se/digitala-biblioteket</marc:subfield>
            <marc:subfield code="x">origin:Elib</marc:subfield>
            <marc:subfield code="z">Låna från ditt bibliotek. Lånekort krävs.</marc:subfield>
        </marc:datafield>
        <marc:datafield tag="856" ind1="4" ind2="2">
            <marc:subfield code="5">Tanu</marc:subfield>
            <marc:subfield code="u">https://bibliotek.ranrike.se/digitala-biblioteket</marc:subfield>
            <marc:subfield code="x">origin:Elib</marc:subfield>
            <marc:subfield code="z">Låna från ditt bibliotek. Lånekort krävs.</marc:subfield>
        </marc:datafield>
    </marc:record>