
    <marc:record>
        <marc:leader>02589cim a22002898i 4500</marc:leader>
        <marc:controlfield tag="001">8klwzmk56j53j8xw</marc:controlfield>
        <marc:controlfield tag="003">SE-LIBR</marc:controlfield>
        <marc:controlfield tag="005">20220906080100.0</marc:controlfield>
        <marc:controlfield tag="007">cr |||   |||||         </marc:controlfield>
        <marc:controlfield tag="008">190702s2014    sw | |||o||||||   | swe|d</marc:controlfield>
        <marc:datafield tag="020" ind1=" " ind2=" ">
            <marc:subfield code="a">9789173488990</marc:subfield>
        </marc:datafield>
        <marc:datafield tag="035" ind1=" " ind2=" ">
            <marc:subfield code="a">(BOKR)9789173488990</marc:subfield>
        </marc:datafield>
        <marc:datafield tag="040" ind1=" " ind2=" ">
            <marc:subfield code="a">BOKR</marc:subfield>
            <marc:subfield code="e">i</marc:subfield>
        </marc:datafield>
        <marc:datafield tag="041" ind1="1" ind2=" ">
            <marc:subfield code="a">swe</marc:subfield>
            <marc:subfield code="h">nor</marc:subfield>
        </marc:datafield>
        <marc:datafield tag="100" ind1="1" ind2=" ">
            <marc:subfield code="a">Fossum, Karin</marc:subfield>
            <marc:subfield code="4">aut</marc:subfield>
        </marc:datafield>
        <marc:datafield tag="240" ind1="1" ind2="0">
            <marc:subfield code="a">Svarte sekunder</marc:subfield>
            <marc:subfield code="l">Svenska</marc:subfield>
        </marc:datafield>
        <marc:datafield tag="245" ind1="1" ind2="0">
            <marc:subfield code="a">Svarta sekunder</marc:subfield>
        </marc:datafield>
        <marc:datafield tag="263" ind1=" " ind2=" ">
            <marc:subfield code="a">201411</marc:subfield>
        </marc:datafield>
        <marc:datafield tag="264" ind1=" " ind2="1">
            <marc:subfield code="b">Bonnier Audio,</marc:subfield>
            <marc:subfield code="c">2014</marc:subfield>
        </marc:datafield>
        <marc:datafield tag="300" ind1=" " ind2=" ">
            <marc:subfield code="a">12 tim.</marc:subfield>
        </marc:datafield>
        <marc:datafield tag="490" ind1="0" ind2=" ">
            <marc:subfield code="a">Konrad Sejer</marc:subfield>
        </marc:datafield>
        <marc:datafield tag="520" ind1=" " ind2=" ">
            <marc:subfield code="a">Jacob Skarre noterade på blocket vad kvinnan sade, och en rad motstridiga känslor växte fram inom honom. Ida Joner, en tioårig flicka från Glasbruket, var två timmar försenad. Något måste ha hänt. Men det behövde inte vara något förfärligt, bara en liten bagatell. Som ett smärtande getingstick först, och så den ljuvaste lindring av dem alla. Mors trygga famn. Han log för sig själv vid tanken  han hade sett detta så många gånger förr. Samtidigt skyggade han inför allt det som kanske skulle komma.     Ida Joner skulle bara ta en tur till kiosken på sin gula cykel för att köpa senaste numret av hästtidningen Wendy och så Bugg för pengarna som blev över. Men hon kommer inte tillbaka. Den tionde september, nio dagar senare och den dagen hon skulle ha fyllt tio år, hittar man henne vid en vägkant, fint och ordentligt inlindad i ett blommigt täcke.     Hennes ansikte är fullt synligt, ögonen slutna. Kinderna är mycket bleka, huden till synes helt oskadd. Inga röda märken, inga skador på huvudet, inget synligt blod, inga spår av smärta. Men något är fel. Hon har inte på sig den joggingdress och de skor hon försvann i. Hon är klädd i ett nytt, vitt nattlinne, hon påminner om en liten älva i en saga.     Det blir en lång och svår utredning för Konrad Sejer och hans assistent Jacob Skarre. Här finns inget motiv, ingen logisk förklaring till mordet. Återigen visar Karin Fossum sin otroliga begåvning att beskriva och tränga in i människors psyke, med djup insikt och stor medkänsla.     Svarta sekunder är Karin Fossums sjätte kriminalroman. Sammanlagt har hennes böcker sålts i mer än 500 000 exemplar i Sverige.</marc:subfield>
        </marc:datafield>
        <marc:datafield tag="599" ind1=" " ind2=" ">
            <marc:subfield code="a">Maskinellt genererad post. Ändra kod för fullständighetsnivå (leader/17), annars kommer manuellt gjorda ändringar att försvinna.</marc:subfield>
        </marc:datafield>
        <marc:datafield tag="655" ind1=" " ind2="7">
            <marc:subfield code="a">Ljudböcker</marc:subfield>
            <marc:subfield code="0">https://id.kb.se/term/saogf/Ljudb%C3%B6cker</marc:subfield>
            <marc:subfield code="2">saogf</marc:subfield>
        </marc:datafield>
        <marc:datafield tag="700" ind1="1" ind2=" ">
            <marc:subfield code="a">Örnkloo, Helena</marc:subfield>
            <marc:subfield code="4">trl</marc:subfield>
        </marc:datafield>
        <marc:datafield tag="700" ind1="1" ind2=" ">
            <marc:subfield code="a">Örnkloo, Ulf</marc:subfield>
            <marc:subfield code="4">trl</marc:subfield>
        </marc:datafield>
        <marc:datafield tag="700" ind1="1" ind2=" ">
            <marc:subfield code="a">Wahlund, Torsten</marc:subfield>
            <marc:subfield code="4">nrt</marc:subfield>
        </marc:datafield>
    </marc:record>