
    <marc:record>
        <marc:leader>02941cim a22002898i 4500</marc:leader>
        <marc:controlfield tag="001">lwvbddwfjx3cltgm</marc:controlfield>
        <marc:controlfield tag="003">SE-LIBR</marc:controlfield>
        <marc:controlfield tag="005">20220906080100.0</marc:controlfield>
        <marc:controlfield tag="007">cr |||   |||||         </marc:controlfield>
        <marc:controlfield tag="008">190616s2014    sw | |||o||||||   | swe|d</marc:controlfield>
        <marc:datafield tag="020" ind1=" " ind2=" ">
            <marc:subfield code="a">9789173489027</marc:subfield>
        </marc:datafield>
        <marc:datafield tag="035" ind1=" " ind2=" ">
            <marc:subfield code="a">(BOKR)9789173489027</marc:subfield>
        </marc:datafield>
        <marc:datafield tag="040" ind1=" " ind2=" ">
            <marc:subfield code="a">BOKR</marc:subfield>
            <marc:subfield code="e">i</marc:subfield>
        </marc:datafield>
        <marc:datafield tag="041" ind1="1" ind2=" ">
            <marc:subfield code="a">swe</marc:subfield>
            <marc:subfield code="h">nor</marc:subfield>
        </marc:datafield>
        <marc:datafield tag="100" ind1="1" ind2=" ">
            <marc:subfield code="a">Fossum, Karin</marc:subfield>
            <marc:subfield code="4">aut</marc:subfield>
        </marc:datafield>
        <marc:datafield tag="240" ind1="1" ind2="0">
            <marc:subfield code="a">Drapet pa Harriet Krohn</marc:subfield>
            <marc:subfield code="l">Svenska</marc:subfield>
        </marc:datafield>
        <marc:datafield tag="245" ind1="1" ind2="0">
            <marc:subfield code="a">Mordet på Harriet Krohn</marc:subfield>
        </marc:datafield>
        <marc:datafield tag="263" ind1=" " ind2=" ">
            <marc:subfield code="a">201406</marc:subfield>
        </marc:datafield>
        <marc:datafield tag="264" ind1=" " ind2="1">
            <marc:subfield code="b">Bonnier Audio,</marc:subfield>
            <marc:subfield code="c">2014</marc:subfield>
        </marc:datafield>
        <marc:datafield tag="300" ind1=" " ind2=" ">
            <marc:subfield code="a">7 tim.</marc:subfield>
        </marc:datafield>
        <marc:datafield tag="490" ind1="0" ind2=" ">
            <marc:subfield code="a">Konrad Sejer</marc:subfield>
        </marc:datafield>
        <marc:datafield tag="520" ind1=" " ind2=" ">
            <marc:subfield code="a">Livet har gått hårt fram med Charles Charlo Olav Torp. Han är snart fyrtio, tunnhårig och lätt överviktig. Charly har blivit av med sitt arbete som bilförsäljare, hans fru har dött i leukemi och hans sjuttionåriga dotter vill inte veta av honom. Charly är spelmissbrukare och har spelat bort sitt liv och han är i desperat behov av pengar. Dessa pengar ska hjälpa honom att bli kvitt sin skuld och vinna tillbaka sin dotters förtroende.    En mörk och regnig novemberkväll ger sig Charlo iväg på sitt uppdrag. Gatorna är öde, inte ens en hundägare har vågat sig ut. Med kippande stövlar och  klädd i en sliten grön parkas styr han stegen mot Harriet Krohns hem. Planen är närmast genial, den vackra blomsterbukett han har med sig är hans inträdesbiljett. Men det hela förlöper inte riktigt som Charlo tänkt sig och han lämnar hastigt lägenheten med blod på händerna.     Tanten blev ju desperat, tänker Charlo. Hon vägrade släppa sitt grepp och han var tvungen att få slut på hennes klängande. Tur att han fick med sig det han var ute efter.     De korta tidningsnotiserna om den gamla damens död invaggar Charlo i falsk säkerhet. Han löser sin skuld och köper dottern det hon sedan liten flicka drömt om  en egen häst.      Långsamt, mycket långsamt hittar far och dotter tillbaka till varandra. Charlo lyckas få arbete som alltiallo i stallet och dagarna ägnas åt mockning och utfodring. Han är fullkomligt omedveten om att mordutredningen leds av kriminalkommissarie Konrad Sejer  en polisman med få ouppklarade fall på sin meritförteckning.     Karin Fossum är mästerlig på att krypa in under huden på människor. Mordet på Harriet Krohn är ett mörkt och intensivt porträtt av en mördare. Läsaren får följa med hans tankar och handlingar från första stund. Men Mordet på Harriet Krohn är också en gripande skildring av relationen mellan en far och hans dotter. En far som är beredd att göra allt för att uppfylla sin dotters högsta dröm.</marc:subfield>
        </marc:datafield>
        <marc:datafield tag="599" ind1=" " ind2=" ">
            <marc:subfield code="a">Maskinellt genererad post. Ändra kod för fullständighetsnivå (leader/17), annars kommer manuellt gjorda ändringar att försvinna.</marc:subfield>
        </marc:datafield>
        <marc:datafield tag="655" ind1=" " ind2="7">
            <marc:subfield code="a">Ljudböcker</marc:subfield>
            <marc:subfield code="0">https://id.kb.se/term/saogf/Ljudb%C3%B6cker</marc:subfield>
            <marc:subfield code="2">saogf</marc:subfield>
        </marc:datafield>
        <marc:datafield tag="700" ind1="1" ind2=" ">
            <marc:subfield code="a">Örnkloo, Ulf</marc:subfield>
            <marc:subfield code="4">trl</marc:subfield>
        </marc:datafield>
        <marc:datafield tag="700" ind1="1" ind2=" ">
            <marc:subfield code="a">Örnkloo, Helena</marc:subfield>
            <marc:subfield code="4">trl</marc:subfield>
        </marc:datafield>
        <marc:datafield tag="700" ind1="1" ind2=" ">
            <marc:subfield code="a">Wahlund, Torsten</marc:subfield>
            <marc:subfield code="4">nrt</marc:subfield>
        </marc:datafield>
    </marc:record>