
    <marc:record>
        <marc:leader>02718cim a22002778i 4500</marc:leader>
        <marc:controlfield tag="001">s3zh5vctqhgxtj2g</marc:controlfield>
        <marc:controlfield tag="003">SE-LIBR</marc:controlfield>
        <marc:controlfield tag="005">20220811080320.0</marc:controlfield>
        <marc:controlfield tag="007">cr |||   |||||         </marc:controlfield>
        <marc:controlfield tag="008">190521s2015    sw | |||o||||||   | swe|d</marc:controlfield>
        <marc:datafield tag="020" ind1=" " ind2=" ">
            <marc:subfield code="a">9789173489003</marc:subfield>
        </marc:datafield>
        <marc:datafield tag="035" ind1=" " ind2=" ">
            <marc:subfield code="a">(BOKR)9789173489003</marc:subfield>
        </marc:datafield>
        <marc:datafield tag="040" ind1=" " ind2=" ">
            <marc:subfield code="a">BOKR</marc:subfield>
            <marc:subfield code="e">i</marc:subfield>
        </marc:datafield>
        <marc:datafield tag="041" ind1=" " ind2=" ">
            <marc:subfield code="a">swe</marc:subfield>
        </marc:datafield>
        <marc:datafield tag="100" ind1="1" ind2=" ">
            <marc:subfield code="a">Fossum, Karin</marc:subfield>
            <marc:subfield code="4">aut</marc:subfield>
        </marc:datafield>
        <marc:datafield tag="240" ind1="1" ind2="0">
            <marc:subfield code="a">Jonas Eckel</marc:subfield>
        </marc:datafield>
        <marc:datafield tag="245" ind1="1" ind2="0">
            <marc:subfield code="a">Jonas Eckel</marc:subfield>
        </marc:datafield>
        <marc:datafield tag="263" ind1=" " ind2=" ">
            <marc:subfield code="a">201501</marc:subfield>
        </marc:datafield>
        <marc:datafield tag="264" ind1=" " ind2="1">
            <marc:subfield code="b">Bonnier Audio,</marc:subfield>
            <marc:subfield code="c">2015</marc:subfield>
        </marc:datafield>
        <marc:datafield tag="300" ind1=" " ind2=" ">
            <marc:subfield code="a">5 tim.</marc:subfield>
        </marc:datafield>
        <marc:datafield tag="520" ind1=" " ind2=" ">
            <marc:subfield code="a">Jag känner mig helt speciell. Det är som att gå omkring i ett eget ljus. Redan som barn var jag insvept i ett eget skimmer. Men det var det ingen som såg. Inte förrän jag blev vuxen och mötte Lillian Ask.     Så börjar romanen om Jonas Eckel, Eckel med e som han presenterar sig, den 38-årige noggranne och korrekte lagerchefen.     En dag kommer Lillian Ask in på lagret, knubbig och grönögd och omgiven av en svag doft av nyrostat kaffe. För första gången i sitt liv blir Jonas förälskad. Inte bara i Lillian utan även i själva tanken på tvåsamheten. Livet som ungkarl är inte alltid så spännande och han är medveten om att han nog anses som en kuf av kollegorna.     I Lillians sällskap växer han. I många avseenden är hon som ett barn: impulsiv, obetänkt och naiv, och tillsammans med henne känner han sig mogen, kompetent och betydelsefull. Deras slumpartade möte leder till att han börjar uppvakta henne och till hans stora lycka verkar även hon intresserad av att fortsätta bekantskapen. Det handlar inte direkt om stor passion, men Jonas är mer än nöjd med att ha en egen kvinna, någon som han kan hålla i handen när han vandrar längs Karl Johann, någon som får honom att bli betraktad som en riktig man.     Efter en kort tids bekantskap gifter de sig. Till en början flyter deras samliv utan större problem, men med tiden inser Jonas att deras olikheter intet bara är av godo. Det som Jonas trodde skulle bli en lugn äktenskaplig tillvaro visar sig få helt andra och dramatiska konsekvenser ...Karin Fossum föddes i Sandefjord 1954. Hon har skrivit poesi, noveller, dramatik och romanen De galnas hus. Mest känd är hon dock som författare till deckarna om den sympatiske kriminalkommissarien Konrad Sejer. De har blivit rosade av såväl kritiker som läsare och har översatts till ett stort antal språk.</marc:subfield>
        </marc:datafield>
        <marc:datafield tag="599" ind1=" " ind2=" ">
            <marc:subfield code="a">Maskinellt genererad post. Ändra kod för fullständighetsnivå (leader/17), annars kommer manuellt gjorda ändringar att försvinna.</marc:subfield>
        </marc:datafield>
        <marc:datafield tag="655" ind1=" " ind2="7">
            <marc:subfield code="a">Ljudböcker</marc:subfield>
            <marc:subfield code="0">https://id.kb.se/term/saogf/Ljudb%C3%B6cker</marc:subfield>
            <marc:subfield code="2">saogf</marc:subfield>
        </marc:datafield>
        <marc:datafield tag="700" ind1="1" ind2=" ">
            <marc:subfield code="a">Örnkloo, Helena</marc:subfield>
            <marc:subfield code="4">trl</marc:subfield>
        </marc:datafield>
        <marc:datafield tag="700" ind1="1" ind2=" ">
            <marc:subfield code="a">Örnkloo, Ulf</marc:subfield>
            <marc:subfield code="4">trl</marc:subfield>
        </marc:datafield>
        <marc:datafield tag="700" ind1="1" ind2=" ">
            <marc:subfield code="a">Wahlund, Torsten</marc:subfield>
            <marc:subfield code="4">nrt</marc:subfield>
        </marc:datafield>
    </marc:record>