
    <marc:record>
        <marc:leader>03220cim a22004098i 4500</marc:leader>
        <marc:controlfield tag="001">9712251</marc:controlfield>
        <marc:controlfield tag="003">SE-LIBR</marc:controlfield>
        <marc:controlfield tag="005">20220614080112.0</marc:controlfield>
        <marc:controlfield tag="007">sd |||||||||||         </marc:controlfield>
        <marc:controlfield tag="008">041123s2004    sw | ||||||||||   | swe|d</marc:controlfield>
        <marc:datafield tag="020" ind1=" " ind2=" ">
            <marc:subfield code="a">9789179532024</marc:subfield>
            <marc:subfield code="q">CD-skiva</marc:subfield>
        </marc:datafield>
        <marc:datafield tag="035" ind1=" " ind2=" ">
            <marc:subfield code="a">(BOKR)9789179532024</marc:subfield>
        </marc:datafield>
        <marc:datafield tag="035" ind1=" " ind2=" ">
            <marc:subfield code="5">Mo</marc:subfield>
            <marc:subfield code="a">(Mo)b1534809</marc:subfield>
        </marc:datafield>
        <marc:datafield tag="035" ind1=" " ind2=" ">
            <marc:subfield code="5">S</marc:subfield>
            <marc:subfield code="a">AVM001433601</marc:subfield>
        </marc:datafield>
        <marc:datafield tag="040" ind1=" " ind2=" ">
            <marc:subfield code="a">BOKR</marc:subfield>
            <marc:subfield code="e">i</marc:subfield>
        </marc:datafield>
        <marc:datafield tag="041" ind1=" " ind2=" ">
            <marc:subfield code="a">swe</marc:subfield>
        </marc:datafield>
        <marc:datafield tag="084" ind1=" " ind2=" ">
            <marc:subfield code="5">Mo</marc:subfield>
            <marc:subfield code="a">Hcedb.01/LC</marc:subfield>
            <marc:subfield code="2">kssb/8</marc:subfield>
        </marc:datafield>
        <marc:datafield tag="100" ind1="1" ind2=" ">
            <marc:subfield code="a">Fossum, Karin</marc:subfield>
            <marc:subfield code="4">aut</marc:subfield>
        </marc:datafield>
        <marc:datafield tag="245" ind1="1" ind2="0">
            <marc:subfield code="a">Natt till den fjärde november</marc:subfield>
        </marc:datafield>
        <marc:datafield tag="263" ind1=" " ind2=" ">
            <marc:subfield code="a">200410</marc:subfield>
        </marc:datafield>
        <marc:datafield tag="264" ind1=" " ind2="1">
            <marc:subfield code="b">Bonnier Audio,</marc:subfield>
            <marc:subfield code="c">2004</marc:subfield>
        </marc:datafield>
        <marc:datafield tag="336" ind1=" " ind2=" ">
            <marc:subfield code="a">spoken word</marc:subfield>
            <marc:subfield code="b">spw</marc:subfield>
            <marc:subfield code="2">rdacontent</marc:subfield>
        </marc:datafield>
        <marc:datafield tag="337" ind1=" " ind2=" ">
            <marc:subfield code="a">audio</marc:subfield>
            <marc:subfield code="b">s</marc:subfield>
            <marc:subfield code="2">rdamedia</marc:subfield>
        </marc:datafield>
        <marc:datafield tag="338" ind1=" " ind2=" ">
            <marc:subfield code="a">audio disc</marc:subfield>
            <marc:subfield code="b">sd</marc:subfield>
            <marc:subfield code="2">rdacarrier</marc:subfield>
        </marc:datafield>
        <marc:datafield tag="500" ind1=" " ind2=" ">
            <marc:subfield code="5">Mo</marc:subfield>
            <marc:subfield code="a">Orig:s titel: Natt til fjerde november</marc:subfield>
        </marc:datafield>
        <marc:datafield tag="500" ind1=" " ind2=" ">
            <marc:subfield code="5">Mo</marc:subfield>
            <marc:subfield code="a">Inläsare: Thomas Hanzon</marc:subfield>
        </marc:datafield>
        <marc:datafield tag="500" ind1=" " ind2=" ">
            <marc:subfield code="5">Mo</marc:subfield>
            <marc:subfield code="a">svenska</marc:subfield>
        </marc:datafield>
        <marc:datafield tag="520" ind1=" " ind2=" ">
            <marc:subfield code="a">Natten till den fjärde november. Det är natten då deras Jonna försvinner spårlöst och det driver hennes föräldrar från vettet och varandra. Om Jonna hade varit liten, kanske fem, eller tio år, då hade de tvivlat mindre. Då hade de varit helt säkra på att deras dotter blivit mördad. Och sedan gömd, nedgrävd eller kastad i sjön. Det skulle ha varit lättare, för hon kunde ju inte ha rymt! Vart skulle hon tagit vägen? Men Jonna är inte liten. Hon är sjutton år och försvinner spårlöst. Det finns inget efterlämnat brev eller någon dagbok. Inte heller någon väninna som kan ge en förklaring.      Magnhild och Jon lever i total ovisshet om vad som hänt deras dotter. Är det deras fel? Har Magnhild varit för dominerande? Har Jon varit för undfallande? Har de inte gett Jonna tillräcklig kärlek och omsorg? Kanske har Jonna själv valt att försvinna. Jonnas föräldrar mäktar inte med sitt eget förhållande, när de försvinner in i sina respektive infernon.      Hur väl känner vi våra barn egentligen, barnen som vi tror att vi vet allt om. Denna frågeställning går som en röd tråd genom Karin Fossums nya roman. Med sin mångsidiga bakgrund inom vård- och omsorgssektorn beskriver Fossum på ett skickligt sätt levande människor som trasas sönder av känslomässiga påfrestningar och behov.       Natt till den fjärde november skildrar på ett insiktsfullt vis hur ensam en människa kan känna sig i en familjerelation, och hur hårt en sorg kan drabba, men också hur sorgen kan ge upphov till förändring.Karin Fossum är född 1954 i Sandefjord. Hon har skrivit dikter, noveller och romaner som De galnas hus och Jonas Eckel. Mest känd är hon för sina kriminalromaner i vilka den sympatiske Konrad Sejer är mordutredare. Hennes böcker är översatta till sexton olika språk, flera har filmatiserats och belönats med en rad priser.</marc:subfield>
        </marc:datafield>
        <marc:datafield tag="541" ind1=" " ind2=" ">
            <marc:subfield code="5">S</marc:subfield>
            <marc:subfield code="a">Samdistribution, Sollentuna</marc:subfield>
            <marc:subfield code="d">2004-10-13</marc:subfield>
        </marc:datafield>
        <marc:datafield tag="599" ind1=" " ind2=" ">
            <marc:subfield code="a">Maskinellt genererad post. Ändra kod för fullständighetsnivå (leader/17), annars kommer manuellt gjorda ändringar att försvinna.</marc:subfield>
        </marc:datafield>
        <marc:datafield tag="599" ind1=" " ind2=" ">
            <marc:subfield code="5">S</marc:subfield>
            <marc:subfield code="a">AVM</marc:subfield>
        </marc:datafield>
        <marc:datafield tag="653" ind1=" " ind2=" ">
            <marc:subfield code="5">Mo</marc:subfield>
            <marc:subfield code="a">Skönlitteratur</marc:subfield>
        </marc:datafield>
        <marc:datafield tag="653" ind1=" " ind2=" ">
            <marc:subfield code="5">Mo</marc:subfield>
            <marc:subfield code="a">Spänning</marc:subfield>
        </marc:datafield>
        <marc:datafield tag="655" ind1=" " ind2="7">
            <marc:subfield code="a">Ljudböcker</marc:subfield>
            <marc:subfield code="0">https://id.kb.se/term/saogf/Ljudb%C3%B6cker</marc:subfield>
            <marc:subfield code="2">saogf</marc:subfield>
        </marc:datafield>
        <marc:datafield tag="655" ind1=" " ind2="4">
            <marc:subfield code="5">Mo</marc:subfield>
            <marc:subfield code="a">Ljudbok cd</marc:subfield>
        </marc:datafield>
        <marc:datafield tag="700" ind1="1" ind2=" ">
            <marc:subfield code="a">Örnkloo, Ulf</marc:subfield>
            <marc:subfield code="4">trl</marc:subfield>
        </marc:datafield>
        <marc:datafield tag="700" ind1="1" ind2=" ">
            <marc:subfield code="a">Hanzon, Thomas</marc:subfield>
            <marc:subfield code="4">nrt</marc:subfield>
        </marc:datafield>
    </marc:record>