
    <marc:record>
        <marc:leader>02510cim a22002658i 4500</marc:leader>
        <marc:controlfield tag="001">p0zfhh0hmxjsftpp</marc:controlfield>
        <marc:controlfield tag="003">SE-LIBR</marc:controlfield>
        <marc:controlfield tag="005">20220811080249.0</marc:controlfield>
        <marc:controlfield tag="007">cr |||   |||||         </marc:controlfield>
        <marc:controlfield tag="008">190616s2012    sw | |||o||||||   | swe|d</marc:controlfield>
        <marc:datafield tag="020" ind1=" " ind2=" ">
            <marc:subfield code="a">9789173486088</marc:subfield>
        </marc:datafield>
        <marc:datafield tag="035" ind1=" " ind2=" ">
            <marc:subfield code="a">(BOKR)9789173486088</marc:subfield>
        </marc:datafield>
        <marc:datafield tag="040" ind1=" " ind2=" ">
            <marc:subfield code="a">BOKR</marc:subfield>
            <marc:subfield code="e">i</marc:subfield>
        </marc:datafield>
        <marc:datafield tag="041" ind1="1" ind2=" ">
            <marc:subfield code="a">swe</marc:subfield>
            <marc:subfield code="h">nor</marc:subfield>
        </marc:datafield>
        <marc:datafield tag="100" ind1="1" ind2=" ">
            <marc:subfield code="a">Fossum, Karin</marc:subfield>
            <marc:subfield code="4">aut</marc:subfield>
        </marc:datafield>
        <marc:datafield tag="240" ind1="1" ind2="0">
            <marc:subfield code="a">Jeg kan se i mörket</marc:subfield>
            <marc:subfield code="l">Svenska</marc:subfield>
        </marc:datafield>
        <marc:datafield tag="245" ind1="1" ind2="0">
            <marc:subfield code="a">Jag kan se i mörkret</marc:subfield>
        </marc:datafield>
        <marc:datafield tag="263" ind1=" " ind2=" ">
            <marc:subfield code="a">201201</marc:subfield>
        </marc:datafield>
        <marc:datafield tag="264" ind1=" " ind2="1">
            <marc:subfield code="b">Bonnier Audio,</marc:subfield>
            <marc:subfield code="c">2012</marc:subfield>
        </marc:datafield>
        <marc:datafield tag="300" ind1=" " ind2=" ">
            <marc:subfield code="a">6 tim., 42 min.</marc:subfield>
        </marc:datafield>
        <marc:datafield tag="520" ind1=" " ind2=" ">
            <marc:subfield code="a">Riktor är en man med inrutade vanor. På dagarna arbetar han på ett äldreboende med mycket gamla och sjuka människor. Utåt sett tycks han var den perfekte, omtänksamme vårdaren, men när ingen annan ser plågar han de äldre. Bara lite, så att det inte lämnar synliga spår, men tillräckligt kännbart för att väcka rädsla när han närmar sig.På kvällarna går Riktor hem till sitt hus. Han bor ensam, har ingen tv och han får aldrig besök. När han är ledig sitter han på en speciell bänk i parken nära arbetsplatsen och iakttar olika personer med cynisk blick. Han förutsätter att ingen av dem går att lita på, och att det kommer att gå dem alla illa. En dag efter jobbet går han en långpromenad och blir vittne till en dramatisk händelse. En skidåkare ute på isen åker ner i en vak. Mannen kämpar för sitt liv men sjunker till slut och drunknar. Riktor står stilla och ser på, adrenalinet börjar pumpa genom kroppen, men han gör inget för att hjälpa skidåkaren.Av en slump blir Riktor bekant med Arnfinn, den äldre mannen i parken. Han bjuder hem Arnfinn och något liknande vänskap utvecklas. Till en kväll då han kommer på Arnfinn med att stjäla pengar ur hans plånbok. Plötsligt brister något inombords. En livslång, inkapslad vrede flammar upp …Jag kan se i mörkret är en roman med krypande spänning och knivskarp psykologisk skärpa. Den handlar om en mycket ensam människa, vars obehagliga inre liv en dag börjar ta sig alltmer skrämmande uttryck. Han är en mitt ibland oss: han är den vänlige vårdaren på äldreboendet, han är mannen på parkbänken, han är en potentiell mördare …</marc:subfield>
        </marc:datafield>
        <marc:datafield tag="599" ind1=" " ind2=" ">
            <marc:subfield code="a">Maskinellt genererad post. Ändra kod för fullständighetsnivå (leader/17), annars kommer manuellt gjorda ändringar att försvinna.</marc:subfield>
        </marc:datafield>
        <marc:datafield tag="655" ind1=" " ind2="7">
            <marc:subfield code="a">Ljudböcker</marc:subfield>
            <marc:subfield code="0">https://id.kb.se/term/saogf/Ljudb%C3%B6cker</marc:subfield>
            <marc:subfield code="2">saogf</marc:subfield>
        </marc:datafield>
        <marc:datafield tag="700" ind1="1" ind2=" ">
            <marc:subfield code="a">Järnebrand, Margareta</marc:subfield>
            <marc:subfield code="4">trl</marc:subfield>
        </marc:datafield>
        <marc:datafield tag="700" ind1="1" ind2=" ">
            <marc:subfield code="a">Wahlund, Torsten</marc:subfield>
            <marc:subfield code="4">nrt</marc:subfield>
        </marc:datafield>
    </marc:record>