
    <marc:record>
        <marc:leader>00789cam a22002777a 4500</marc:leader>
        <marc:controlfield tag="001">12285233</marc:controlfield>
        <marc:controlfield tag="003">SE-LIBR</marc:controlfield>
        <marc:controlfield tag="005">20121207115839.0</marc:controlfield>
        <marc:controlfield tag="008">110819s2011    no |||||r|||||000 f|nob|c</marc:controlfield>
        <marc:datafield tag="015" ind1=" " ind2=" ">
            <marc:subfield code="a">(BIBBI)0271559</marc:subfield>
        </marc:datafield>
        <marc:datafield tag="020" ind1=" " ind2=" ">
            <marc:subfield code="a">9788202349868</marc:subfield>
        </marc:datafield>
        <marc:datafield tag="020" ind1=" " ind2=" ">
            <marc:subfield code="a">9788252577754</marc:subfield>
            <marc:subfield code="q">Bokklubben</marc:subfield>
        </marc:datafield>
        <marc:datafield tag="035" ind1=" " ind2=" ">
            <marc:subfield code="5">Bo</marc:subfield>
            <marc:subfield code="a">(Bo)482822</marc:subfield>
        </marc:datafield>
        <marc:datafield tag="040" ind1=" " ind2=" ">
            <marc:subfield code="a">G</marc:subfield>
            <marc:subfield code="e">a</marc:subfield>
        </marc:datafield>
        <marc:datafield tag="041" ind1=" " ind2=" ">
            <marc:subfield code="a">nob</marc:subfield>
        </marc:datafield>
        <marc:datafield tag="082" ind1="0" ind2="4">
            <marc:subfield code="a">839.8238</marc:subfield>
            <marc:subfield code="2">22</marc:subfield>
        </marc:datafield>
        <marc:datafield tag="084" ind1=" " ind2=" ">
            <marc:subfield code="a">Hdb.01</marc:subfield>
            <marc:subfield code="2">kssb/8</marc:subfield>
        </marc:datafield>
        <marc:datafield tag="100" ind1="1" ind2=" ">
            <marc:subfield code="a">Fossum, Karin,</marc:subfield>
            <marc:subfield code="d">1954-</marc:subfield>
            <marc:subfield code="0">https://libris.kb.se/ljx02h644sgwxnx#it</marc:subfield>
        </marc:datafield>
        <marc:datafield tag="245" ind1="1" ind2="0">
            <marc:subfield code="a">Jeg kan se i mørket :</marc:subfield>
            <marc:subfield code="b">roman /</marc:subfield>
            <marc:subfield code="c">Karin Fossum.</marc:subfield>
        </marc:datafield>
        <marc:datafield tag="264" ind1=" " ind2="1">
            <marc:subfield code="a">[Oslo] :</marc:subfield>
            <marc:subfield code="b">Cappelen Damm,</marc:subfield>
            <marc:subfield code="c">2011</marc:subfield>
        </marc:datafield>
        <marc:datafield tag="264" ind1=" " ind2="3">
            <marc:subfield code="a">Falun :</marc:subfield>
            <marc:subfield code="b">ScandBook</marc:subfield>
        </marc:datafield>
        <marc:datafield tag="300" ind1=" " ind2=" ">
            <marc:subfield code="a">222 s.</marc:subfield>
        </marc:datafield>
        <marc:datafield tag="500" ind1=" " ind2=" ">
            <marc:subfield code="a">3. oppl. 2011, tr. 2012</marc:subfield>
        </marc:datafield>
        <marc:datafield tag="500" ind1=" " ind2=" ">
            <marc:subfield code="5">Bo</marc:subfield>
            <marc:subfield code="a">Annan upplaga kan finnas vid biblioteket</marc:subfield>
        </marc:datafield>
        <marc:datafield tag="500" ind1=" " ind2=" ">
            <marc:subfield code="5">Li</marc:subfield>
            <marc:subfield code="a">Pliktex.</marc:subfield>
        </marc:datafield>
        <marc:datafield tag="500" ind1=" " ind2=" ">
            <marc:subfield code="5">Q</marc:subfield>
            <marc:subfield code="a">Tr. 2012</marc:subfield>
        </marc:datafield>
    </marc:record>