
    <marc:record>
        <marc:leader>01256cim a22003497a 4500</marc:leader>
        <marc:controlfield tag="001">12340048</marc:controlfield>
        <marc:controlfield tag="003">SE-LIBR</marc:controlfield>
        <marc:controlfield tag="005">20160112151830.0</marc:controlfield>
        <marc:controlfield tag="007">sd |||||||||||         </marc:controlfield>
        <marc:controlfield tag="008">111029s2012    sw | ||g|||||||f  | swe|c</marc:controlfield>
        <marc:datafield tag="020" ind1=" " ind2=" ">
            <marc:subfield code="a">9789173486118</marc:subfield>
        </marc:datafield>
        <marc:datafield tag="028" ind1="0" ind2="1">
            <marc:subfield code="a">IFCD 1199 :</marc:subfield>
            <marc:subfield code="b">Bonnier audio</marc:subfield>
        </marc:datafield>
        <marc:datafield tag="035" ind1=" " ind2=" ">
            <marc:subfield code="a">AVM002786503</marc:subfield>
        </marc:datafield>
        <marc:datafield tag="035" ind1=" " ind2=" ">
            <marc:subfield code="5">S</marc:subfield>
            <marc:subfield code="a">AVM002786503</marc:subfield>
        </marc:datafield>
        <marc:datafield tag="040" ind1=" " ind2=" ">
            <marc:subfield code="a">LGEN</marc:subfield>
            <marc:subfield code="d">Gbg</marc:subfield>
            <marc:subfield code="d">SEK</marc:subfield>
            <marc:subfield code="e">a</marc:subfield>
        </marc:datafield>
        <marc:datafield tag="041" ind1="1" ind2=" ">
            <marc:subfield code="a">swe</marc:subfield>
            <marc:subfield code="h">nor</marc:subfield>
        </marc:datafield>
        <marc:datafield tag="042" ind1=" " ind2=" ">
            <marc:subfield code="9">NB</marc:subfield>
        </marc:datafield>
        <marc:datafield tag="082" ind1="0" ind2="4">
            <marc:subfield code="a">839.823</marc:subfield>
            <marc:subfield code="2">22 (machine generated)</marc:subfield>
        </marc:datafield>
        <marc:datafield tag="084" ind1=" " ind2=" ">
            <marc:subfield code="a">Hcedb.01</marc:subfield>
            <marc:subfield code="2">kssb/8</marc:subfield>
        </marc:datafield>
        <marc:datafield tag="100" ind1="1" ind2=" ">
            <marc:subfield code="a">Fossum, Karin,</marc:subfield>
            <marc:subfield code="d">1954-</marc:subfield>
            <marc:subfield code="4">aut</marc:subfield>
            <marc:subfield code="0">https://libris.kb.se/ljx02h644sgwxnx#it</marc:subfield>
        </marc:datafield>
        <marc:datafield tag="240" ind1="1" ind2="0">
            <marc:subfield code="a">Jeg kan se i mørket.</marc:subfield>
            <marc:subfield code="l">Svenska</marc:subfield>
        </marc:datafield>
        <marc:datafield tag="245" ind1="1" ind2="0">
            <marc:subfield code="a">Jag kan se i mörkret</marc:subfield>
            <marc:subfield code="h">[Ljudupptagning] /</marc:subfield>
            <marc:subfield code="c">Karin Fossum.</marc:subfield>
        </marc:datafield>
        <marc:datafield tag="264" ind1=" " ind2="1">
            <marc:subfield code="a">Stockholm :</marc:subfield>
            <marc:subfield code="b">Bonnier Audio,</marc:subfield>
            <marc:subfield code="c">2012</marc:subfield>
        </marc:datafield>
        <marc:datafield tag="300" ind1=" " ind2=" ">
            <marc:subfield code="a">1 CD  (MPEG-1 layer3) (7 tim.)</marc:subfield>
        </marc:datafield>
        <marc:datafield tag="500" ind1=" " ind2=" ">
            <marc:subfield code="a">Ljudbok CD (mp3)</marc:subfield>
        </marc:datafield>
        <marc:datafield tag="541" ind1=" " ind2=" ">
            <marc:subfield code="5">S</marc:subfield>
            <marc:subfield code="a">Bonnier audio via Samdistribution</marc:subfield>
            <marc:subfield code="d">2012-01-24</marc:subfield>
        </marc:datafield>
        <marc:datafield tag="599" ind1=" " ind2=" ">
            <marc:subfield code="5">S</marc:subfield>
            <marc:subfield code="a">AVM</marc:subfield>
        </marc:datafield>
        <marc:datafield tag="655" ind1=" " ind2="7">
            <marc:subfield code="a">Deckare</marc:subfield>
            <marc:subfield code="0">https://id.kb.se/term/saogf/Deckare</marc:subfield>
            <marc:subfield code="2">saogf</marc:subfield>
        </marc:datafield>
        <marc:datafield tag="655" ind1=" " ind2="7">
            <marc:subfield code="a">Ljudböcker</marc:subfield>
            <marc:subfield code="0">https://id.kb.se/term/saogf/Ljudb%C3%B6cker</marc:subfield>
            <marc:subfield code="2">saogf</marc:subfield>
        </marc:datafield>
        <marc:datafield tag="700" ind1="1" ind2=" ">
            <marc:subfield code="a">Järnebrand, Margareta,</marc:subfield>
            <marc:subfield code="d">1947-</marc:subfield>
            <marc:subfield code="4">trl</marc:subfield>
            <marc:subfield code="0">https://libris.kb.se/64jlpf5q0dvf281#it</marc:subfield>
        </marc:datafield>
        <marc:datafield tag="700" ind1="1" ind2=" ">
            <marc:subfield code="a">Wahlund, Torsten</marc:subfield>
            <marc:subfield code="4">nrt</marc:subfield>
        </marc:datafield>
        <marc:datafield tag="856" ind1="4" ind2="2">
            <marc:subfield code="u">http://smdb.kb.se/resource/id/002786503</marc:subfield>
            <marc:subfield code="z">Svensk mediedatabas</marc:subfield>
        </marc:datafield>
    </marc:record>