
    <marc:record>
        <marc:leader>00916cam a2200289 a 4500</marc:leader>
        <marc:controlfield tag="001">12465369</marc:controlfield>
        <marc:controlfield tag="003">SE-LIBR</marc:controlfield>
        <marc:controlfield tag="005">20131010123930.0</marc:controlfield>
        <marc:controlfield tag="008">120103s2008    fi |||||||||||000 f|fin| </marc:controlfield>
        <marc:datafield tag="015" ind1=" " ind2=" ">
            <marc:subfield code="a">fx888470</marc:subfield>
            <marc:subfield code="2">skl</marc:subfield>
        </marc:datafield>
        <marc:datafield tag="020" ind1=" " ind2=" ">
            <marc:subfield code="a">9789510340882</marc:subfield>
            <marc:subfield code="q">sid.</marc:subfield>
        </marc:datafield>
        <marc:datafield tag="035" ind1=" " ind2=" ">
            <marc:subfield code="a">(Linda)000537292</marc:subfield>
        </marc:datafield>
        <marc:datafield tag="035" ind1=" " ind2=" ">
            <marc:subfield code="5">Bo</marc:subfield>
            <marc:subfield code="a">(Bo)428228</marc:subfield>
        </marc:datafield>
        <marc:datafield tag="040" ind1=" " ind2=" ">
            <marc:subfield code="e">a</marc:subfield>
        </marc:datafield>
        <marc:datafield tag="041" ind1="1" ind2=" ">
            <marc:subfield code="a">fin</marc:subfield>
            <marc:subfield code="h">nor</marc:subfield>
        </marc:datafield>
        <marc:datafield tag="080" ind1=" " ind2=" ">
            <marc:subfield code="a">839.6</marc:subfield>
            <marc:subfield code="x">-3</marc:subfield>
        </marc:datafield>
        <marc:datafield tag="100" ind1="1" ind2=" ">
            <marc:subfield code="a">Fossum, Karin,</marc:subfield>
            <marc:subfield code="d">1954-</marc:subfield>
            <marc:subfield code="4">aut</marc:subfield>
            <marc:subfield code="0">https://libris.kb.se/ljx02h644sgwxnx#it</marc:subfield>
        </marc:datafield>
        <marc:datafield tag="240" ind1="1" ind2="0">
            <marc:subfield code="a">Den som elsker noe annet.</marc:subfield>
            <marc:subfield code="l">Finska</marc:subfield>
        </marc:datafield>
        <marc:datafield tag="245" ind1="1" ind2="0">
            <marc:subfield code="a">Toisenlainen rakkaus /</marc:subfield>
            <marc:subfield code="c">Karin Fossum ; suomentanut Tarja Teva.</marc:subfield>
        </marc:datafield>
        <marc:datafield tag="264" ind1=" " ind2="1">
            <marc:subfield code="a">Helsinki :</marc:subfield>
            <marc:subfield code="b">Johnny Kniga,</marc:subfield>
            <marc:subfield code="c">2008</marc:subfield>
        </marc:datafield>
        <marc:datafield tag="264" ind1=" " ind2="3">
            <marc:subfield code="a">Juva :</marc:subfield>
            <marc:subfield code="b">WS Bookwell</marc:subfield>
        </marc:datafield>
        <marc:datafield tag="300" ind1=" " ind2=" ">
            <marc:subfield code="a">300 s.</marc:subfield>
            <marc:subfield code="c">21 cm.</marc:subfield>
        </marc:datafield>
        <marc:datafield tag="500" ind1=" " ind2=" ">
            <marc:subfield code="a">Alanimeke irtopäällyksessä: Konrad Sejer -romaani.</marc:subfield>
        </marc:datafield>
        <marc:datafield tag="500" ind1=" " ind2=" ">
            <marc:subfield code="5">Bo</marc:subfield>
            <marc:subfield code="a">Annan upplaga kan finnas vid biblioteket</marc:subfield>
        </marc:datafield>
        <marc:datafield tag="599" ind1=" " ind2=" ">
            <marc:subfield code="a">Automatkatalogiserad</marc:subfield>
        </marc:datafield>
        <marc:datafield tag="700" ind1="1" ind2=" ">
            <marc:subfield code="a">Teva, Tarja</marc:subfield>
            <marc:subfield code="4">trl</marc:subfield>
        </marc:datafield>
        <marc:datafield tag="740" ind1="0" ind2=" ">
            <marc:subfield code="a">Konrad Sejer -romaani.</marc:subfield>
        </marc:datafield>
    </marc:record>