
    <marc:record>
        <marc:leader>01286cim a22003493a 4500</marc:leader>
        <marc:controlfield tag="001">11866921</marc:controlfield>
        <marc:controlfield tag="003">SE-LIBR</marc:controlfield>
        <marc:controlfield tag="005">20161214170208.0</marc:controlfield>
        <marc:controlfield tag="007">sd |||||||||||         </marc:controlfield>
        <marc:controlfield tag="008">100609s2001    sw nn||g|||||||f  n swe|c</marc:controlfield>
        <marc:datafield tag="035" ind1=" " ind2=" ">
            <marc:subfield code="5">Mo</marc:subfield>
            <marc:subfield code="a">(Mo)b1476634</marc:subfield>
        </marc:datafield>
        <marc:datafield tag="040" ind1=" " ind2=" ">
            <marc:subfield code="a">Mo</marc:subfield>
            <marc:subfield code="e">a</marc:subfield>
        </marc:datafield>
        <marc:datafield tag="041" ind1="1" ind2=" ">
            <marc:subfield code="a">swe</marc:subfield>
            <marc:subfield code="h">nor</marc:subfield>
        </marc:datafield>
        <marc:datafield tag="082" ind1="0" ind2="4">
            <marc:subfield code="a">839.823</marc:subfield>
            <marc:subfield code="2">22 (machine generated)</marc:subfield>
        </marc:datafield>
        <marc:datafield tag="084" ind1=" " ind2=" ">
            <marc:subfield code="a">Hcedb.01/TC</marc:subfield>
            <marc:subfield code="2">kssb/8</marc:subfield>
        </marc:datafield>
        <marc:datafield tag="100" ind1="1" ind2=" ">
            <marc:subfield code="a">Fossum, Karin,</marc:subfield>
            <marc:subfield code="d">1954-</marc:subfield>
            <marc:subfield code="4">aut</marc:subfield>
            <marc:subfield code="0">https://libris.kb.se/ljx02h644sgwxnx#it</marc:subfield>
        </marc:datafield>
        <marc:datafield tag="240" ind1="1" ind2="0">
            <marc:subfield code="a">Den som frykter ulven.</marc:subfield>
            <marc:subfield code="l">Svenska</marc:subfield>
        </marc:datafield>
        <marc:datafield tag="245" ind1="1" ind2="0">
            <marc:subfield code="a">Den som fruktar vargen</marc:subfield>
            <marc:subfield code="h">[Ljudupptagning] /</marc:subfield>
            <marc:subfield code="c">Karin Fossum ; översättning: Helena och Ulf Örnekloo.</marc:subfield>
        </marc:datafield>
        <marc:datafield tag="264" ind1=" " ind2="1">
            <marc:subfield code="a">Lund :</marc:subfield>
            <marc:subfield code="b">Btj,</marc:subfield>
            <marc:subfield code="c">2001</marc:subfield>
        </marc:datafield>
        <marc:datafield tag="300" ind1=" " ind2=" ">
            <marc:subfield code="a">1 CD-R (9 tim., 53 min.)</marc:subfield>
            <marc:subfield code="b">mono</marc:subfield>
        </marc:datafield>
        <marc:datafield tag="500" ind1=" " ind2=" ">
            <marc:subfield code="a">Digital talbok (DAISY 2.02), ljud</marc:subfield>
        </marc:datafield>
        <marc:datafield tag="500" ind1=" " ind2=" ">
            <marc:subfield code="a">Överföring av analog inläsning från Lund : Btj, 2000</marc:subfield>
        </marc:datafield>
        <marc:datafield tag="500" ind1=" " ind2=" ">
            <marc:subfield code="a">Inläst ur: Stockholm : Forum, 1999</marc:subfield>
        </marc:datafield>
        <marc:datafield tag="500" ind1=" " ind2=" ">
            <marc:subfield code="5">Mo</marc:subfield>
            <marc:subfield code="a">svenska</marc:subfield>
        </marc:datafield>
        <marc:datafield tag="511" ind1="0" ind2=" ">
            <marc:subfield code="a">Inläsare: Carin Andersson</marc:subfield>
        </marc:datafield>
        <marc:datafield tag="653" ind1=" " ind2=" ">
            <marc:subfield code="a">DAISY</marc:subfield>
        </marc:datafield>
        <marc:datafield tag="653" ind1=" " ind2=" ">
            <marc:subfield code="a">Skönlitteratur</marc:subfield>
        </marc:datafield>
        <marc:datafield tag="653" ind1=" " ind2=" ">
            <marc:subfield code="a">Deckare</marc:subfield>
        </marc:datafield>
        <marc:datafield tag="655" ind1=" " ind2="7">
            <marc:subfield code="a">Talböcker</marc:subfield>
            <marc:subfield code="0">https://id.kb.se/term/saogf/Talb%C3%B6cker</marc:subfield>
            <marc:subfield code="2">saogf</marc:subfield>
        </marc:datafield>
        <marc:datafield tag="655" ind1=" " ind2="4">
            <marc:subfield code="a">Talbok Daisy</marc:subfield>
        </marc:datafield>
        <marc:datafield tag="700" ind1="1" ind2=" ">
            <marc:subfield code="a">Örnkloo, Helena,</marc:subfield>
            <marc:subfield code="d">1973-</marc:subfield>
            <marc:subfield code="4">trl</marc:subfield>
            <marc:subfield code="0">https://libris.kb.se/fcrv3fxz0fbg010#it</marc:subfield>
        </marc:datafield>
        <marc:datafield tag="700" ind1="1" ind2=" ">
            <marc:subfield code="a">Örnkloo, Ulf,</marc:subfield>
            <marc:subfield code="d">1934-2016</marc:subfield>
            <marc:subfield code="4">trl</marc:subfield>
            <marc:subfield code="0">https://libris.kb.se/jgvxzj623qtzqsj#it</marc:subfield>
        </marc:datafield>
    </marc:record>