
    <marc:record>
        <marc:leader>01822cim a22004573a 4500</marc:leader>
        <marc:controlfield tag="001">11409649</marc:controlfield>
        <marc:controlfield tag="003">SE-LIBR</marc:controlfield>
        <marc:controlfield tag="005">20161214170223.0</marc:controlfield>
        <marc:controlfield tag="007">sd |||||||||||         </marc:controlfield>
        <marc:controlfield tag="008">090421s2003    sw | ||g|||||||f  | swe|c</marc:controlfield>
        <marc:datafield tag="020" ind1=" " ind2=" ">
            <marc:subfield code="a">9179531261</marc:subfield>
        </marc:datafield>
        <marc:datafield tag="020" ind1=" " ind2=" ">
            <marc:subfield code="a">9789179531263</marc:subfield>
        </marc:datafield>
        <marc:datafield tag="028" ind1="0" ind2="1">
            <marc:subfield code="a">IFCD 53</marc:subfield>
        </marc:datafield>
        <marc:datafield tag="035" ind1=" " ind2=" ">
            <marc:subfield code="5">Mo</marc:subfield>
            <marc:subfield code="a">(Mo)b1500985</marc:subfield>
        </marc:datafield>
        <marc:datafield tag="035" ind1=" " ind2=" ">
            <marc:subfield code="5">S</marc:subfield>
            <marc:subfield code="a">AVM001550732</marc:subfield>
        </marc:datafield>
        <marc:datafield tag="037" ind1=" " ind2=" ">
            <marc:subfield code="a">SAMB 03-07</marc:subfield>
        </marc:datafield>
        <marc:datafield tag="040" ind1=" " ind2=" ">
            <marc:subfield code="a">Mo</marc:subfield>
            <marc:subfield code="e">a</marc:subfield>
        </marc:datafield>
        <marc:datafield tag="041" ind1="1" ind2=" ">
            <marc:subfield code="a">swe</marc:subfield>
            <marc:subfield code="h">nor</marc:subfield>
        </marc:datafield>
        <marc:datafield tag="082" ind1="0" ind2="4">
            <marc:subfield code="a">839.823</marc:subfield>
            <marc:subfield code="2">22 (machine generated)</marc:subfield>
        </marc:datafield>
        <marc:datafield tag="083" ind1="0" ind2=" ">
            <marc:subfield code="a">839.82</marc:subfield>
            <marc:subfield code="2">22 (machine generated)</marc:subfield>
        </marc:datafield>
        <marc:datafield tag="084" ind1=" " ind2=" ">
            <marc:subfield code="a">Hcedb.01/LC</marc:subfield>
            <marc:subfield code="2">kssb/8</marc:subfield>
        </marc:datafield>
        <marc:datafield tag="084" ind1=" " ind2=" ">
            <marc:subfield code="a">Hdb.01=c/LC</marc:subfield>
            <marc:subfield code="2">kssb/7</marc:subfield>
        </marc:datafield>
        <marc:datafield tag="084" ind1=" " ind2=" ">
            <marc:subfield code="a">Hcedb.01</marc:subfield>
            <marc:subfield code="2">kssb/8</marc:subfield>
        </marc:datafield>
        <marc:datafield tag="084" ind1=" " ind2=" ">
            <marc:subfield code="a">Hdb.01=c</marc:subfield>
            <marc:subfield code="2">kssb/7</marc:subfield>
        </marc:datafield>
        <marc:datafield tag="100" ind1="1" ind2=" ">
            <marc:subfield code="a">Fossum, Karin,</marc:subfield>
            <marc:subfield code="d">1954-</marc:subfield>
            <marc:subfield code="4">aut</marc:subfield>
            <marc:subfield code="0">https://libris.kb.se/ljx02h644sgwxnx#it</marc:subfield>
        </marc:datafield>
        <marc:datafield tag="240" ind1="1" ind2="0">
            <marc:subfield code="a">Svarte sekunder.</marc:subfield>
            <marc:subfield code="l">Svenska</marc:subfield>
        </marc:datafield>
        <marc:datafield tag="245" ind1="1" ind2="0">
            <marc:subfield code="a">Svarta sekunder</marc:subfield>
            <marc:subfield code="h">[Ljudupptagning] /</marc:subfield>
            <marc:subfield code="c">Karin Fossum ; översättning: Helena och Ulf Örnkloo.</marc:subfield>
        </marc:datafield>
        <marc:datafield tag="264" ind1=" " ind2="1">
            <marc:subfield code="c">2003</marc:subfield>
        </marc:datafield>
        <marc:datafield tag="264" ind1=" " ind2="1">
            <marc:subfield code="a">Stockholm :</marc:subfield>
            <marc:subfield code="b">Bonnier Audio,</marc:subfield>
            <marc:subfield code="c">p 2002</marc:subfield>
        </marc:datafield>
        <marc:datafield tag="300" ind1=" " ind2=" ">
            <marc:subfield code="a">8 CD (9 tim.)</marc:subfield>
        </marc:datafield>
        <marc:datafield tag="380" ind1=" " ind2=" ">
            <marc:subfield code="a">Ljudböcker</marc:subfield>
            <marc:subfield code="2">saogf</marc:subfield>
        </marc:datafield>
        <marc:datafield tag="500" ind1=" " ind2=" ">
            <marc:subfield code="a">Serie/fortsättningsarbete: 1. Evas öga -- 2. Se dig inte om! -- 3. Den som fruktar vargen -- 4. När djävulen håller ljuset -- 5. Älskade Poona -- 6. Svarta sekunder -- 7. Mordet på Harriet Krohn -- 8. Den som älskar något annat -- 9. Den onda viljan -- 10. Döden skall du tåla -- 11. Carmen och döden -- 12. Helveteselden</marc:subfield>
        </marc:datafield>
        <marc:datafield tag="500" ind1=" " ind2=" ">
            <marc:subfield code="5">Mo</marc:subfield>
            <marc:subfield code="a">svenska</marc:subfield>
        </marc:datafield>
        <marc:datafield tag="541" ind1=" " ind2=" ">
            <marc:subfield code="5">S</marc:subfield>
            <marc:subfield code="a">Samdistribution AB, Sollentuna</marc:subfield>
            <marc:subfield code="d">2002-11-04</marc:subfield>
        </marc:datafield>
        <marc:datafield tag="599" ind1=" " ind2=" ">
            <marc:subfield code="5">S</marc:subfield>
            <marc:subfield code="a">AVM</marc:subfield>
        </marc:datafield>
        <marc:datafield tag="650" ind1=" " ind2="7">
            <marc:subfield code="a">Ljudböcker</marc:subfield>
            <marc:subfield code="0">https://id.kb.se/term/sao/Ljudb%C3%B6cker</marc:subfield>
            <marc:subfield code="2">sao</marc:subfield>
        </marc:datafield>
        <marc:datafield tag="650" ind1=" " ind2="0">
            <marc:subfield code="a">Audiobooks</marc:subfield>
        </marc:datafield>
        <marc:datafield tag="653" ind1=" " ind2=" ">
            <marc:subfield code="a">Skönlitteratur</marc:subfield>
        </marc:datafield>
        <marc:datafield tag="700" ind1="1" ind2=" ">
            <marc:subfield code="a">Örnkloo, Ulf,</marc:subfield>
            <marc:subfield code="d">1934-2016</marc:subfield>
            <marc:subfield code="4">trl</marc:subfield>
            <marc:subfield code="0">https://libris.kb.se/jgvxzj623qtzqsj#it</marc:subfield>
        </marc:datafield>
        <marc:datafield tag="700" ind1="1" ind2=" ">
            <marc:subfield code="a">Örnkloo, Helena,</marc:subfield>
            <marc:subfield code="d">1973-</marc:subfield>
            <marc:subfield code="4">trl</marc:subfield>
            <marc:subfield code="0">https://libris.kb.se/fcrv3fxz0fbg010#it</marc:subfield>
        </marc:datafield>
        <marc:datafield tag="700" ind1="1" ind2=" ">
            <marc:subfield code="a">Wahlund, Torsten</marc:subfield>
            <marc:subfield code="4">nrt</marc:subfield>
        </marc:datafield>
    </marc:record>