
    <marc:record>
        <marc:leader>01110cam a22003017i 4500</marc:leader>
        <marc:controlfield tag="001">n060z90vlz20g89m</marc:controlfield>
        <marc:controlfield tag="003">SE-LIBR</marc:controlfield>
        <marc:controlfield tag="005">20200428103843.0</marc:controlfield>
        <marc:controlfield tag="008">200428s2019    bu |||||||||||000 f|bul|c</marc:controlfield>
        <marc:datafield tag="020" ind1=" " ind2=" ">
            <marc:subfield code="a">9789543574148</marc:subfield>
        </marc:datafield>
        <marc:datafield tag="040" ind1=" " ind2=" ">
            <marc:subfield code="a">Ssb</marc:subfield>
            <marc:subfield code="b">swe</marc:subfield>
            <marc:subfield code="e">i</marc:subfield>
            <marc:subfield code="e">rda</marc:subfield>
        </marc:datafield>
        <marc:datafield tag="041" ind1="1" ind2=" ">
            <marc:subfield code="a">bul</marc:subfield>
            <marc:subfield code="h">nor</marc:subfield>
        </marc:datafield>
        <marc:datafield tag="082" ind1="0" ind2="4">
            <marc:subfield code="a">891.81</marc:subfield>
            <marc:subfield code="2">22 (machine generated)</marc:subfield>
        </marc:datafield>
        <marc:datafield tag="084" ind1=" " ind2=" ">
            <marc:subfield code="a">Hmhedb.01</marc:subfield>
            <marc:subfield code="2">kssb/8</marc:subfield>
        </marc:datafield>
        <marc:datafield tag="100" ind1="1" ind2=" ">
            <marc:subfield code="a">Fossum, Karin,</marc:subfield>
            <marc:subfield code="d">1954-</marc:subfield>
            <marc:subfield code="4">aut</marc:subfield>
            <marc:subfield code="0">https://libris.kb.se/ljx02h644sgwxnx#it</marc:subfield>
        </marc:datafield>
        <marc:datafield tag="240" ind1="1" ind2="0">
            <marc:subfield code="a">Drapet på Harriet Krohn</marc:subfield>
            <marc:subfield code="l">Bulgariska</marc:subfield>
        </marc:datafield>
        <marc:datafield tag="245" ind1="1" ind2="0">
            <marc:subfield code="a">Ubijstvoto na Chariet Krun /</marc:subfield>
            <marc:subfield code="c">Karin Fosum , prevela ot norvežki: Eva Kăneva.</marc:subfield>
        </marc:datafield>
        <marc:datafield tag="246" ind1="1" ind2=" ">
            <marc:subfield code="a">Убийството на Хариет Крун</marc:subfield>
        </marc:datafield>
        <marc:datafield tag="250" ind1=" " ind2=" ">
            <marc:subfield code="a">I izdanie</marc:subfield>
        </marc:datafield>
        <marc:datafield tag="264" ind1=" " ind2="1">
            <marc:subfield code="a">[Sofija] :</marc:subfield>
            <marc:subfield code="b">IK &quot;EMAS&quot;,</marc:subfield>
            <marc:subfield code="c">[2019]</marc:subfield>
        </marc:datafield>
        <marc:datafield tag="300" ind1=" " ind2=" ">
            <marc:subfield code="a">245 sidor</marc:subfield>
            <marc:subfield code="c">20 cm</marc:subfield>
        </marc:datafield>
        <marc:datafield tag="336" ind1=" " ind2=" ">
            <marc:subfield code="a">text</marc:subfield>
            <marc:subfield code="b">txt</marc:subfield>
            <marc:subfield code="2">rdacontent</marc:subfield>
        </marc:datafield>
        <marc:datafield tag="337" ind1=" " ind2=" ">
            <marc:subfield code="a">unmediated</marc:subfield>
            <marc:subfield code="b">n</marc:subfield>
            <marc:subfield code="2">rdamedia</marc:subfield>
        </marc:datafield>
        <marc:datafield tag="338" ind1=" " ind2=" ">
            <marc:subfield code="a">volume</marc:subfield>
            <marc:subfield code="b">nc</marc:subfield>
            <marc:subfield code="2">rdacarrier</marc:subfield>
        </marc:datafield>
        <marc:datafield tag="490" ind1="0" ind2=" ">
            <marc:subfield code="a">Kriminale</marc:subfield>
        </marc:datafield>
        <marc:datafield tag="655" ind1=" " ind2="7">
            <marc:subfield code="a">Romaner</marc:subfield>
            <marc:subfield code="0">https://id.kb.se/term/saogf/Romaner</marc:subfield>
            <marc:subfield code="2">saogf</marc:subfield>
        </marc:datafield>
        <marc:datafield tag="655" ind1=" " ind2="7">
            <marc:subfield code="a">Deckare</marc:subfield>
            <marc:subfield code="0">https://id.kb.se/term/saogf/Deckare</marc:subfield>
            <marc:subfield code="2">saogf</marc:subfield>
        </marc:datafield>
        <marc:datafield tag="700" ind1="1" ind2=" ">
            <marc:subfield code="a">Kăneva, Eva</marc:subfield>
            <marc:subfield code="q">Eva Dimitrova,</marc:subfield>
            <marc:subfield code="d">1985-</marc:subfield>
            <marc:subfield code="4">trl</marc:subfield>
            <marc:subfield code="0">https://libris.kb.se/pm14b3m75qhbhfb#it</marc:subfield>
        </marc:datafield>
    </marc:record>