
    <marc:record>
        <marc:leader>00977cgm a22002777a 4500</marc:leader>
        <marc:controlfield tag="001">11496674</marc:controlfield>
        <marc:controlfield tag="003">SE-LIBR</marc:controlfield>
        <marc:controlfield tag="005">20131010165211.0</marc:controlfield>
        <marc:controlfield tag="007">vd |v||||              </marc:controlfield>
        <marc:controlfield tag="008">090703s2008    no 098 |     ||   v|nor|c</marc:controlfield>
        <marc:datafield tag="040" ind1=" " ind2=" ">
            <marc:subfield code="a">Sfi</marc:subfield>
            <marc:subfield code="e">a</marc:subfield>
        </marc:datafield>
        <marc:datafield tag="041" ind1=" " ind2=" ">
            <marc:subfield code="a">nor</marc:subfield>
            <marc:subfield code="d">nor</marc:subfield>
            <marc:subfield code="d">eng</marc:subfield>
        </marc:datafield>
        <marc:datafield tag="084" ind1=" " ind2=" ">
            <marc:subfield code="a">F79</marc:subfield>
            <marc:subfield code="2">fiaf/2</marc:subfield>
        </marc:datafield>
        <marc:datafield tag="245" ind1="1" ind2="3">
            <marc:subfield code="a">De gales hus.</marc:subfield>
            <marc:subfield code="h">[Videoupptagning] =</marc:subfield>
            <marc:subfield code="b">De galnas hus /</marc:subfield>
            <marc:subfield code="c">Eva Isaksen.</marc:subfield>
        </marc:datafield>
        <marc:datafield tag="246" ind1="1" ind2="1">
            <marc:subfield code="a">De galnas hus</marc:subfield>
        </marc:datafield>
        <marc:datafield tag="264" ind1=" " ind2="1">
            <marc:subfield code="a">Norge :</marc:subfield>
            <marc:subfield code="b">Norsk Filmproduksjon AS,</marc:subfield>
            <marc:subfield code="c">cop. 2008</marc:subfield>
        </marc:datafield>
        <marc:datafield tag="300" ind1=" " ind2=" ">
            <marc:subfield code="a">1 DVD (1 tim., 38 min.)</marc:subfield>
            <marc:subfield code="b">ljud, färg</marc:subfield>
        </marc:datafield>
        <marc:datafield tag="500" ind1=" " ind2=" ">
            <marc:subfield code="a">Opublicerat material</marc:subfield>
        </marc:datafield>
        <marc:datafield tag="500" ind1=" " ind2=" ">
            <marc:subfield code="a">Produktionsland: Norge</marc:subfield>
        </marc:datafield>
        <marc:datafield tag="500" ind1=" " ind2=" ">
            <marc:subfield code="a">Baserad på Karin Fossums bok med samma namn</marc:subfield>
        </marc:datafield>
        <marc:datafield tag="500" ind1=" " ind2=" ">
            <marc:subfield code="5">Sfi</marc:subfield>
            <marc:subfield code="a">Opublicerat material</marc:subfield>
        </marc:datafield>
        <marc:datafield tag="546" ind1=" " ind2=" ">
            <marc:subfield code="a">Tal på norska, text på norska för hörselskadade och engelska</marc:subfield>
        </marc:datafield>
        <marc:datafield tag="630" ind1="3" ind2="4">
            <marc:subfield code="a">De gales hus (NO, Eva Isaksen, 2008)</marc:subfield>
        </marc:datafield>
        <marc:datafield tag="700" ind1="1" ind2=" ">
            <marc:subfield code="a">Isaksen, Eva</marc:subfield>
            <marc:subfield code="4">drt</marc:subfield>
        </marc:datafield>
        <marc:datafield tag="700" ind1="1" ind2=" ">
            <marc:subfield code="a">Fossum, Karin,</marc:subfield>
            <marc:subfield code="d">1954-</marc:subfield>
            <marc:subfield code="e">unspecifiedContributor</marc:subfield>
            <marc:subfield code="4">oth</marc:subfield>
            <marc:subfield code="0">https://libris.kb.se/ljx02h644sgwxnx#it</marc:subfield>
        </marc:datafield>
        <marc:datafield tag="740" ind1="3" ind2=" ">
            <marc:subfield code="a">De galnas hus</marc:subfield>
        </marc:datafield>
    </marc:record>