
    <marc:record>
        <marc:leader>00866caa a22002897ar4500</marc:leader>
        <marc:controlfield tag="001">9298774</marc:controlfield>
        <marc:controlfield tag="003">SE-LIBR</marc:controlfield>
        <marc:controlfield tag="005">20050830214824.0</marc:controlfield>
        <marc:controlfield tag="008">040107s1999    xx ||||      |||| ||swe d</marc:controlfield>
        <marc:datafield tag="035" ind1=" " ind2=" ">
            <marc:subfield code="a">(KVIN)249154</marc:subfield>
        </marc:datafield>
        <marc:datafield tag="035" ind1=" " ind2=" ">
            <marc:subfield code="5">KVIN</marc:subfield>
            <marc:subfield code="a">(KVIN)249154</marc:subfield>
        </marc:datafield>
        <marc:datafield tag="040" ind1=" " ind2=" ">
            <marc:subfield code="a">G</marc:subfield>
        </marc:datafield>
        <marc:datafield tag="042" ind1=" " ind2=" ">
            <marc:subfield code="9">KVIN</marc:subfield>
        </marc:datafield>
        <marc:datafield tag="072" ind1=" " ind2="7">
            <marc:subfield code="5">KVIN</marc:subfield>
            <marc:subfield code="a">litt</marc:subfield>
        </marc:datafield>
        <marc:datafield tag="100" ind1="1" ind2=" ">
            <marc:subfield code="a">Strandell, Leif-Rune</marc:subfield>
        </marc:datafield>
        <marc:datafield tag="245" ind1="0" ind2="0">
            <marc:subfield code="a">Karin Fossum nytt norskt deckaress :</marc:subfield>
            <marc:subfield code="b">3 x pris för samma bok /</marc:subfield>
            <marc:subfield code="c">Leif-Rune Strandell</marc:subfield>
        </marc:datafield>
        <marc:datafield tag="600" ind1="1" ind2="4">
            <marc:subfield code="a">Fossum, Karin</marc:subfield>
        </marc:datafield>
        <marc:datafield tag="650" ind1=" " ind2="7">
            <marc:subfield code="a">Norge</marc:subfield>
            <marc:subfield code="2">kao</marc:subfield>
        </marc:datafield>
        <marc:datafield tag="650" ind1=" " ind2="7">
            <marc:subfield code="a">1900-talet</marc:subfield>
            <marc:subfield code="2">kao</marc:subfield>
        </marc:datafield>
        <marc:datafield tag="650" ind1=" " ind2="7">
            <marc:subfield code="a">Författare</marc:subfield>
            <marc:subfield code="2">kao</marc:subfield>
        </marc:datafield>
        <marc:datafield tag="650" ind1=" " ind2="7">
            <marc:subfield code="a">Detektivromaner</marc:subfield>
            <marc:subfield code="2">kao</marc:subfield>
        </marc:datafield>
        <marc:datafield tag="650" ind1=" " ind2="7">
            <marc:subfield code="5">KVIN</marc:subfield>
            <marc:subfield code="a">Fossum, Karin</marc:subfield>
            <marc:subfield code="2">kao//eng</marc:subfield>
        </marc:datafield>
        <marc:datafield tag="650" ind1=" " ind2="7">
            <marc:subfield code="5">KVIN</marc:subfield>
            <marc:subfield code="a">Norway</marc:subfield>
            <marc:subfield code="2">kao//eng</marc:subfield>
        </marc:datafield>
        <marc:datafield tag="650" ind1=" " ind2="7">
            <marc:subfield code="5">KVIN</marc:subfield>
            <marc:subfield code="a">20th century</marc:subfield>
            <marc:subfield code="2">kao//eng</marc:subfield>
        </marc:datafield>
        <marc:datafield tag="650" ind1=" " ind2="7">
            <marc:subfield code="5">KVIN</marc:subfield>
            <marc:subfield code="a">Authors</marc:subfield>
            <marc:subfield code="2">kao//eng</marc:subfield>
        </marc:datafield>
        <marc:datafield tag="650" ind1=" " ind2="7">
            <marc:subfield code="5">KVIN</marc:subfield>
            <marc:subfield code="a">Detective novels</marc:subfield>
            <marc:subfield code="2">kao//eng</marc:subfield>
        </marc:datafield>
        <marc:datafield tag="773" ind1="0" ind2=" ">
            <marc:subfield code="t">DAST magazine</marc:subfield>
            <marc:subfield code="x">0345-2255</marc:subfield>
            <marc:subfield code="w">3678721</marc:subfield>
            <marc:subfield code="g">32(1999):2, s. 28-29</marc:subfield>
        </marc:datafield>
    </marc:record>