
    <marc:record>
        <marc:leader>01569caa a22003497 r4500</marc:leader>
        <marc:controlfield tag="001">2517478</marc:controlfield>
        <marc:controlfield tag="003">SE-LIBR</marc:controlfield>
        <marc:controlfield tag="005">20181030230000.0</marc:controlfield>
        <marc:controlfield tag="008">011211s1997    sw |||||||||||000 0|swe|c</marc:controlfield>
        <marc:datafield tag="035" ind1=" " ind2=" ">
            <marc:subfield code="9">9926513271</marc:subfield>
        </marc:datafield>
        <marc:datafield tag="040" ind1=" " ind2=" ">
            <marc:subfield code="a">SLB</marc:subfield>
        </marc:datafield>
        <marc:datafield tag="041" ind1="1" ind2=" ">
            <marc:subfield code="a">swe</marc:subfield>
            <marc:subfield code="h">dan</marc:subfield>
        </marc:datafield>
        <marc:datafield tag="042" ind1=" " ind2=" ">
            <marc:subfield code="9">SLB</marc:subfield>
        </marc:datafield>
        <marc:datafield tag="082" ind1="0" ind2="4">
            <marc:subfield code="a">839.8209</marc:subfield>
            <marc:subfield code="2">22 (machine generated)</marc:subfield>
        </marc:datafield>
        <marc:datafield tag="083" ind1="0" ind2=" ">
            <marc:subfield code="a">839.7</marc:subfield>
            <marc:subfield code="2">22 (machine generated)</marc:subfield>
        </marc:datafield>
        <marc:datafield tag="083" ind1="0" ind2=" ">
            <marc:subfield code="a">839.8109</marc:subfield>
            <marc:subfield code="2">22 (machine generated)</marc:subfield>
        </marc:datafield>
        <marc:datafield tag="084" ind1=" " ind2=" ">
            <marc:subfield code="a">Gdbz Fossum, Karin</marc:subfield>
            <marc:subfield code="2">kssb/6</marc:subfield>
        </marc:datafield>
        <marc:datafield tag="084" ind1=" " ind2=" ">
            <marc:subfield code="a">Gcz Edwardson, Åke</marc:subfield>
            <marc:subfield code="2">kssb/6</marc:subfield>
        </marc:datafield>
        <marc:datafield tag="084" ind1=" " ind2=" ">
            <marc:subfield code="a">Gdaz Davidsen, Leif</marc:subfield>
            <marc:subfield code="2">kssb/6</marc:subfield>
        </marc:datafield>
        <marc:datafield tag="084" ind1=" " ind2=" ">
            <marc:subfield code="5">SLB</marc:subfield>
            <marc:subfield code="a">Gcz Edwardson, Åke</marc:subfield>
            <marc:subfield code="2">kssb/6</marc:subfield>
        </marc:datafield>
        <marc:datafield tag="100" ind1="1" ind2=" ">
            <marc:subfield code="a">Koch-Nielsen, Anton</marc:subfield>
        </marc:datafield>
        <marc:datafield tag="245" ind1="0" ind2="0">
            <marc:subfield code="a">Tre bra romaner - tre helt olika böcker /</marc:subfield>
            <marc:subfield code="c">Anton Koch-Nielsen ; [övers. Anders Hammarqvist.</marc:subfield>
        </marc:datafield>
        <marc:datafield tag="264" ind1=" " ind2="1">
            <marc:subfield code="c">1997</marc:subfield>
        </marc:datafield>
        <marc:datafield tag="505" ind1="8" ind2=" ">
            <marc:subfield code="a">Om de nominerade böckerna för Glasnyckeln för bästa skandinaviska spänningsroman 1996. De nominerade böckerna var: Karin Fossum, &quot;Se deg ikke tilbake!&quot;, Åke Edwardson, &quot;Gå ut min själ&quot; och Leif Davidsen, &quot;Den serbiske dansker&quot;. Priset tilldelades Fossums bok</marc:subfield>
        </marc:datafield>
        <marc:datafield tag="600" ind1="1" ind2="0">
            <marc:subfield code="a">Fossum, Karin,</marc:subfield>
            <marc:subfield code="d">1954-.</marc:subfield>
            <marc:subfield code="t">Se deg ikke tilbake!</marc:subfield>
        </marc:datafield>
        <marc:datafield tag="600" ind1="1" ind2="0">
            <marc:subfield code="a">Edwardson, Åke,</marc:subfield>
            <marc:subfield code="d">1953-.</marc:subfield>
            <marc:subfield code="t">Gå ut min själ</marc:subfield>
        </marc:datafield>
        <marc:datafield tag="600" ind1="1" ind2="0">
            <marc:subfield code="a">Davidsen, Leif,</marc:subfield>
            <marc:subfield code="d">1950-.</marc:subfield>
            <marc:subfield code="t">Den serbiske dansker</marc:subfield>
        </marc:datafield>
        <marc:datafield tag="610" ind1="2" ind2="4">
            <marc:subfield code="a">Glasnyckeln</marc:subfield>
            <marc:subfield code="0">https://libris.kb.se/mkz1zgw52ww5ljj#it</marc:subfield>
        </marc:datafield>
        <marc:datafield tag="650" ind1=" " ind2="7">
            <marc:subfield code="a">Litteraturpriser</marc:subfield>
            <marc:subfield code="x">kriminallitteratur</marc:subfield>
            <marc:subfield code="z">Skandinavien</marc:subfield>
            <marc:subfield code="y">1990-talet</marc:subfield>
            <marc:subfield code="y">1996</marc:subfield>
            <marc:subfield code="2">sao</marc:subfield>
        </marc:datafield>
        <marc:datafield tag="655" ind1=" " ind2="4">
            <marc:subfield code="0">https://id.kb.se/marc/NotFictionNotFurtherSpecified</marc:subfield>
        </marc:datafield>
        <marc:datafield tag="740" ind1="4" ind2=" ">
            <marc:subfield code="a">Den serbiske dansker</marc:subfield>
        </marc:datafield>
        <marc:datafield tag="773" ind1="0" ind2=" ">
            <marc:subfield code="7">n  s</marc:subfield>
            <marc:subfield code="t">Jury</marc:subfield>
            <marc:subfield code="d">Bromma : Jury, 1972-</marc:subfield>
            <marc:subfield code="g">1997 (26:2), s. 9-12</marc:subfield>
            <marc:subfield code="x">ISSN 0345-5734</marc:subfield>
            <marc:subfield code="w">3679062</marc:subfield>
            <marc:subfield code="9">1997</marc:subfield>
            <marc:subfield code="9">2</marc:subfield>
            <marc:subfield code="9">9</marc:subfield>
        </marc:datafield>
    </marc:record>