
    <marc:record>
        <marc:leader>00991caa a22003377ar4500</marc:leader>
        <marc:controlfield tag="001">9307022</marc:controlfield>
        <marc:controlfield tag="003">SE-LIBR</marc:controlfield>
        <marc:controlfield tag="005">20050830204524.0</marc:controlfield>
        <marc:controlfield tag="008">040108s2000    xx ||||      |||| ||swe d</marc:controlfield>
        <marc:datafield tag="035" ind1=" " ind2=" ">
            <marc:subfield code="a">(KVIN)261311</marc:subfield>
        </marc:datafield>
        <marc:datafield tag="035" ind1=" " ind2=" ">
            <marc:subfield code="5">KVIN</marc:subfield>
            <marc:subfield code="a">(KVIN)261311</marc:subfield>
        </marc:datafield>
        <marc:datafield tag="040" ind1=" " ind2=" ">
            <marc:subfield code="a">G</marc:subfield>
        </marc:datafield>
        <marc:datafield tag="042" ind1=" " ind2=" ">
            <marc:subfield code="9">KVIN</marc:subfield>
        </marc:datafield>
        <marc:datafield tag="072" ind1=" " ind2="7">
            <marc:subfield code="5">KVIN</marc:subfield>
            <marc:subfield code="a">litt</marc:subfield>
        </marc:datafield>
        <marc:datafield tag="100" ind1="1" ind2=" ">
            <marc:subfield code="a">Nilsén, Rolf</marc:subfield>
        </marc:datafield>
        <marc:datafield tag="245" ind1="0" ind2="3">
            <marc:subfield code="a">En sorglös norsk deckardrottning /</marc:subfield>
            <marc:subfield code="c">Rolf Nilsén</marc:subfield>
        </marc:datafield>
        <marc:datafield tag="600" ind1="1" ind2="4">
            <marc:subfield code="a">Fossum, Karin</marc:subfield>
        </marc:datafield>
        <marc:datafield tag="650" ind1=" " ind2="7">
            <marc:subfield code="a">Norge</marc:subfield>
            <marc:subfield code="2">kao</marc:subfield>
        </marc:datafield>
        <marc:datafield tag="650" ind1=" " ind2="7">
            <marc:subfield code="a">Författare</marc:subfield>
            <marc:subfield code="2">kao</marc:subfield>
        </marc:datafield>
        <marc:datafield tag="650" ind1=" " ind2="7">
            <marc:subfield code="a">Litteraturvetenskap</marc:subfield>
            <marc:subfield code="2">kao</marc:subfield>
        </marc:datafield>
        <marc:datafield tag="650" ind1=" " ind2="7">
            <marc:subfield code="a">1900-talet</marc:subfield>
            <marc:subfield code="2">kao</marc:subfield>
        </marc:datafield>
        <marc:datafield tag="650" ind1=" " ind2="7">
            <marc:subfield code="a">Detektivromaner</marc:subfield>
            <marc:subfield code="2">kao</marc:subfield>
        </marc:datafield>
        <marc:datafield tag="650" ind1=" " ind2="7">
            <marc:subfield code="a">2000-talet</marc:subfield>
            <marc:subfield code="2">kao</marc:subfield>
        </marc:datafield>
        <marc:datafield tag="650" ind1=" " ind2="7">
            <marc:subfield code="5">KVIN</marc:subfield>
            <marc:subfield code="a">Fossum, Karin</marc:subfield>
            <marc:subfield code="2">kao//eng</marc:subfield>
        </marc:datafield>
        <marc:datafield tag="650" ind1=" " ind2="7">
            <marc:subfield code="5">KVIN</marc:subfield>
            <marc:subfield code="a">Norway</marc:subfield>
            <marc:subfield code="2">kao//eng</marc:subfield>
        </marc:datafield>
        <marc:datafield tag="650" ind1=" " ind2="7">
            <marc:subfield code="5">KVIN</marc:subfield>
            <marc:subfield code="a">Authors</marc:subfield>
            <marc:subfield code="2">kao//eng</marc:subfield>
        </marc:datafield>
        <marc:datafield tag="650" ind1=" " ind2="7">
            <marc:subfield code="5">KVIN</marc:subfield>
            <marc:subfield code="a">Literary studies</marc:subfield>
            <marc:subfield code="2">kao//eng</marc:subfield>
        </marc:datafield>
        <marc:datafield tag="650" ind1=" " ind2="7">
            <marc:subfield code="5">KVIN</marc:subfield>
            <marc:subfield code="a">20th century</marc:subfield>
            <marc:subfield code="2">kao//eng</marc:subfield>
        </marc:datafield>
        <marc:datafield tag="650" ind1=" " ind2="7">
            <marc:subfield code="5">KVIN</marc:subfield>
            <marc:subfield code="a">Detective novels</marc:subfield>
            <marc:subfield code="2">kao//eng</marc:subfield>
        </marc:datafield>
        <marc:datafield tag="650" ind1=" " ind2="7">
            <marc:subfield code="5">KVIN</marc:subfield>
            <marc:subfield code="a">21th century</marc:subfield>
            <marc:subfield code="2">kao//eng</marc:subfield>
        </marc:datafield>
        <marc:datafield tag="773" ind1="0" ind2=" ">
            <marc:subfield code="t">DAST magazine</marc:subfield>
            <marc:subfield code="x">0345-2255</marc:subfield>
            <marc:subfield code="w">3678721</marc:subfield>
            <marc:subfield code="g">33(2000):2, s. 25-27</marc:subfield>
        </marc:datafield>
    </marc:record>