
    <marc:record>
        <marc:leader>01004caa a22002657 r4500</marc:leader>
        <marc:controlfield tag="001">3210934</marc:controlfield>
        <marc:controlfield tag="003">SE-LIBR</marc:controlfield>
        <marc:controlfield tag="005">20170316155529.0</marc:controlfield>
        <marc:controlfield tag="008">011211s1998    sw            000 0 swe c</marc:controlfield>
        <marc:datafield tag="035" ind1=" " ind2=" ">
            <marc:subfield code="9">9933630660</marc:subfield>
        </marc:datafield>
        <marc:datafield tag="040" ind1=" " ind2=" ">
            <marc:subfield code="a">SLB</marc:subfield>
        </marc:datafield>
        <marc:datafield tag="042" ind1=" " ind2=" ">
            <marc:subfield code="9">SLB</marc:subfield>
        </marc:datafield>
        <marc:datafield tag="082" ind1="0" ind2="4">
            <marc:subfield code="a">839.5</marc:subfield>
            <marc:subfield code="2">22 (machine generated)</marc:subfield>
        </marc:datafield>
        <marc:datafield tag="084" ind1=" " ind2=" ">
            <marc:subfield code="a">Gbn.0972</marc:subfield>
            <marc:subfield code="2">kssb/6</marc:subfield>
        </marc:datafield>
        <marc:datafield tag="084" ind1=" " ind2=" ">
            <marc:subfield code="a">Gbn.0977</marc:subfield>
            <marc:subfield code="2">kssb/6</marc:subfield>
        </marc:datafield>
        <marc:datafield tag="084" ind1=" " ind2=" ">
            <marc:subfield code="5">SLB</marc:subfield>
            <marc:subfield code="a">Gcz Tursten, Helene</marc:subfield>
            <marc:subfield code="2">kssb/6</marc:subfield>
        </marc:datafield>
        <marc:datafield tag="100" ind1="1" ind2=" ">
            <marc:subfield code="a">Wopenka, Johan,</marc:subfield>
            <marc:subfield code="d">1952-</marc:subfield>
            <marc:subfield code="0">203404</marc:subfield>
        </marc:datafield>
        <marc:datafield tag="245" ind1="0" ind2="3">
            <marc:subfield code="a">De mest mordlystna kvinnorna i Skandinavien.</marc:subfield>
        </marc:datafield>
        <marc:datafield tag="490" ind1="0" ind2=" ">
            <marc:subfield code="a">Tema Deckare</marc:subfield>
        </marc:datafield>
        <marc:datafield tag="505" ind1="8" ind2=" ">
            <marc:subfield code="a">Behandlar fyra skandinaviska kriminalförfattare: Kirsten Holst (Danmark), Leena Letholainen (Finland), Karin Fossum (Norge) och Helene Tursten (Sverige)</marc:subfield>
        </marc:datafield>
        <marc:datafield tag="600" ind1="1" ind2="4">
            <marc:subfield code="a">Holst, Kirsten,</marc:subfield>
            <marc:subfield code="d">1936-</marc:subfield>
            <marc:subfield code="0">311777</marc:subfield>
        </marc:datafield>
        <marc:datafield tag="600" ind1="1" ind2="4">
            <marc:subfield code="a">Lehtolainen, Leena,</marc:subfield>
            <marc:subfield code="d">1964-</marc:subfield>
            <marc:subfield code="0">226496</marc:subfield>
        </marc:datafield>
        <marc:datafield tag="600" ind1="1" ind2="4">
            <marc:subfield code="a">Fossum, Karin</marc:subfield>
        </marc:datafield>
        <marc:datafield tag="600" ind1="1" ind2="4">
            <marc:subfield code="a">Tursten, Helene,</marc:subfield>
            <marc:subfield code="d">1954-</marc:subfield>
            <marc:subfield code="0">225216</marc:subfield>
        </marc:datafield>
        <marc:datafield tag="773" ind1="0" ind2=" ">
            <marc:subfield code="7">n  s</marc:subfield>
            <marc:subfield code="t">Tidningen Boken</marc:subfield>
            <marc:subfield code="d">Malmö : Tidningsproduktion, 1987-</marc:subfield>
            <marc:subfield code="x">ISSN 0284-6721</marc:subfield>
            <marc:subfield code="w">8260781</marc:subfield>
            <marc:subfield code="g">1998 (12:8), s. 15-18 : fotogr.</marc:subfield>
            <marc:subfield code="9">1998</marc:subfield>
            <marc:subfield code="9">8</marc:subfield>
            <marc:subfield code="9">15</marc:subfield>
        </marc:datafield>
    </marc:record>