
    <marc:record>
        <marc:leader>00810caa a22002417a 4500</marc:leader>
        <marc:controlfield tag="001">19941528</marc:controlfield>
        <marc:controlfield tag="003">SE-LIBR</marc:controlfield>
        <marc:controlfield tag="005">20181030230000.0</marc:controlfield>
        <marc:controlfield tag="008">161212s2016    no |||||||||||000 ||nor|c</marc:controlfield>
        <marc:datafield tag="040" ind1=" " ind2=" ">
            <marc:subfield code="a">G</marc:subfield>
            <marc:subfield code="e">a</marc:subfield>
        </marc:datafield>
        <marc:datafield tag="041" ind1=" " ind2=" ">
            <marc:subfield code="a">nor</marc:subfield>
        </marc:datafield>
        <marc:datafield tag="042" ind1=" " ind2=" ">
            <marc:subfield code="9">KVIN</marc:subfield>
        </marc:datafield>
        <marc:datafield tag="100" ind1="1" ind2=" ">
            <marc:subfield code="a">Aamotsbakken, Bente,</marc:subfield>
            <marc:subfield code="d">1948-</marc:subfield>
        </marc:datafield>
        <marc:datafield tag="245" ind1="1" ind2="4">
            <marc:subfield code="a">Det mørke lyset :</marc:subfield>
            <marc:subfield code="b">en lesning av Karin Fossums roman &quot;Når djevelen holder lyset&quot; (1998)</marc:subfield>
        </marc:datafield>
        <marc:datafield tag="264" ind1=" " ind2="1">
            <marc:subfield code="c">2016</marc:subfield>
        </marc:datafield>
        <marc:datafield tag="600" ind1="1" ind2="4">
            <marc:subfield code="a">Fossum, Karin,</marc:subfield>
            <marc:subfield code="d">1954-</marc:subfield>
            <marc:subfield code="0">https://libris.kb.se/ljx02h644sgwxnx#it</marc:subfield>
        </marc:datafield>
        <marc:datafield tag="650" ind1=" " ind2="7">
            <marc:subfield code="a">Litteraturvetenskap</marc:subfield>
            <marc:subfield code="2">kao</marc:subfield>
        </marc:datafield>
        <marc:datafield tag="650" ind1=" " ind2="7">
            <marc:subfield code="a">Detektivromaner</marc:subfield>
            <marc:subfield code="2">kao</marc:subfield>
        </marc:datafield>
        <marc:datafield tag="650" ind1=" " ind2="7">
            <marc:subfield code="a">Literary studies</marc:subfield>
            <marc:subfield code="2">kao//eng</marc:subfield>
        </marc:datafield>
        <marc:datafield tag="650" ind1=" " ind2="7">
            <marc:subfield code="a">Detective novels</marc:subfield>
            <marc:subfield code="2">kao//eng</marc:subfield>
        </marc:datafield>
        <marc:datafield tag="650" ind1=" " ind2="7">
            <marc:subfield code="a">Författare</marc:subfield>
            <marc:subfield code="z">Norge</marc:subfield>
            <marc:subfield code="y">1900-talet</marc:subfield>
            <marc:subfield code="2">kao</marc:subfield>
        </marc:datafield>
        <marc:datafield tag="650" ind1=" " ind2="7">
            <marc:subfield code="a">Authors</marc:subfield>
            <marc:subfield code="z">Norway</marc:subfield>
            <marc:subfield code="y">20th century</marc:subfield>
            <marc:subfield code="2">kao//eng</marc:subfield>
        </marc:datafield>
        <marc:datafield tag="773" ind1="0" ind2="0">
            <marc:subfield code="t">Norsk litterær årbok</marc:subfield>
            <marc:subfield code="g">2016, s. 241-260</marc:subfield>
            <marc:subfield code="x">0078-1266</marc:subfield>
            <marc:subfield code="w">3445454</marc:subfield>
        </marc:datafield>
    </marc:record>