
    <marc:record>
        <marc:leader>00571naa a22002057ar4500</marc:leader>
        <marc:controlfield tag="001">9262878</marc:controlfield>
        <marc:controlfield tag="003">SE-LIBR</marc:controlfield>
        <marc:controlfield tag="005">20031222141458.0</marc:controlfield>
        <marc:controlfield tag="008">031222s1992    xx ||||      |||| ||swe d</marc:controlfield>
        <marc:datafield tag="035" ind1=" " ind2=" ">
            <marc:subfield code="a">(KVIN)151495</marc:subfield>
        </marc:datafield>
        <marc:datafield tag="035" ind1=" " ind2=" ">
            <marc:subfield code="5">KVIN</marc:subfield>
            <marc:subfield code="a">(KVIN)151495</marc:subfield>
        </marc:datafield>
        <marc:datafield tag="040" ind1=" " ind2=" ">
            <marc:subfield code="a">G</marc:subfield>
        </marc:datafield>
        <marc:datafield tag="042" ind1=" " ind2=" ">
            <marc:subfield code="9">KVIN</marc:subfield>
        </marc:datafield>
        <marc:datafield tag="072" ind1=" " ind2="7">
            <marc:subfield code="5">KVIN</marc:subfield>
            <marc:subfield code="a">psyk</marc:subfield>
        </marc:datafield>
        <marc:datafield tag="100" ind1="1" ind2=" ">
            <marc:subfield code="a">Creutzer, Amanda</marc:subfield>
        </marc:datafield>
        <marc:datafield tag="245" ind1="0" ind2="0">
            <marc:subfield code="a">Oxhunger och självsvält /</marc:subfield>
            <marc:subfield code="c">Amanda Creutzer, Anna-Karin Fossum</marc:subfield>
        </marc:datafield>
        <marc:datafield tag="650" ind1=" " ind2="7">
            <marc:subfield code="a">Ätstörningar</marc:subfield>
            <marc:subfield code="2">kao</marc:subfield>
        </marc:datafield>
        <marc:datafield tag="650" ind1=" " ind2="7">
            <marc:subfield code="5">KVIN</marc:subfield>
            <marc:subfield code="a">Eating disorders</marc:subfield>
            <marc:subfield code="2">kao//eng</marc:subfield>
        </marc:datafield>
        <marc:datafield tag="700" ind1="1" ind2=" ">
            <marc:subfield code="a">Fossum, Anna-Karin</marc:subfield>
        </marc:datafield>
        <marc:datafield tag="773" ind1="0" ind2=" ">
            <marc:subfield code="t">Bang</marc:subfield>
            <marc:subfield code="x">1102-4593</marc:subfield>
            <marc:subfield code="w">8264678</marc:subfield>
            <marc:subfield code="g">2, 1992, s. 18-19</marc:subfield>
        </marc:datafield>
    </marc:record>