
    <marc:record>
        <marc:leader>01570cam a22002777a 4500</marc:leader>
        <marc:controlfield tag="001">19508623</marc:controlfield>
        <marc:controlfield tag="003">SE-LIBR</marc:controlfield>
        <marc:controlfield tag="005">20210224092632.0</marc:controlfield>
        <marc:controlfield tag="008">160614s2016    no |||||||||||000 0|nor|c</marc:controlfield>
        <marc:datafield tag="015" ind1=" " ind2=" ">
            <marc:subfield code="a">0470005</marc:subfield>
        </marc:datafield>
        <marc:datafield tag="020" ind1=" " ind2=" ">
            <marc:subfield code="a">9788274884311</marc:subfield>
        </marc:datafield>
        <marc:datafield tag="040" ind1=" " ind2=" ">
            <marc:subfield code="d">S</marc:subfield>
            <marc:subfield code="e">a</marc:subfield>
        </marc:datafield>
        <marc:datafield tag="041" ind1=" " ind2=" ">
            <marc:subfield code="a">nor</marc:subfield>
        </marc:datafield>
        <marc:datafield tag="082" ind1="0" ind2="4">
            <marc:subfield code="a">809.3872</marc:subfield>
            <marc:subfield code="2">23/nor</marc:subfield>
        </marc:datafield>
        <marc:datafield tag="100" ind1="1" ind2=" ">
            <marc:subfield code="a">Nordberg, Nils,</marc:subfield>
            <marc:subfield code="d">1942-</marc:subfield>
            <marc:subfield code="4">aut</marc:subfield>
            <marc:subfield code="0">https://libris.kb.se/64jmrvgq3d5kfd0#it</marc:subfield>
        </marc:datafield>
        <marc:datafield tag="245" ind1="1" ind2="0">
            <marc:subfield code="a">Mørkets gjerninger :</marc:subfield>
            <marc:subfield code="b">på sporet av det svarte bibliotek /</marc:subfield>
            <marc:subfield code="c">Nils Nordberg.</marc:subfield>
        </marc:datafield>
        <marc:datafield tag="264" ind1=" " ind2="1">
            <marc:subfield code="a">[Oslo] :</marc:subfield>
            <marc:subfield code="b">Bokvennen,</marc:subfield>
            <marc:subfield code="c">2016</marc:subfield>
        </marc:datafield>
        <marc:datafield tag="300" ind1=" " ind2=" ">
            <marc:subfield code="a">415 s.</marc:subfield>
        </marc:datafield>
        <marc:datafield tag="505" ind1="8" ind2=" ">
            <marc:subfield code="a">Har bibliografi, noter</marc:subfield>
        </marc:datafield>
        <marc:datafield tag="520" ind1=" " ind2=" ">
            <marc:subfield code="a">Hvor kommer krimlitteraturen fra? Hvordan har den utviklet seg i utlandet og her hjemme? Hva er dens kjennetegn? Hva handler den om, utover mordmysteriet? Dette er noen av temaene som tas opp i &quot;Mørkets gjerninger&quot;. I denne samlingen med 57 artikler fra årene 1971 til 2015 presenteres forfattere som Agatha Christie, Karin Fossum, Stein Riverton, Henning Mankell, og krimhelter som Auguste Dupin, Harry Hole, Miss Maple, m.fl. Her får du svar på bl.a. hvorfor FBI-sjefen Hoover ble forbannet på Raymond Chandler, hvordan Lisbeth Salander får det til, hvem som er verdens største detektiv og mye mer. Omtalen er utarbeidet av BS.</marc:subfield>
        </marc:datafield>
        <marc:datafield tag="599" ind1=" " ind2=" ">
            <marc:subfield code="a">Imported from: aleph.kristiansand.kommune.no:2100/KRS01 (Do not remove)</marc:subfield>
        </marc:datafield>
        <marc:datafield tag="650" ind1=" " ind2="7">
            <marc:subfield code="a">Kriminallitteratur</marc:subfield>
            <marc:subfield code="0">https://id.kb.se/term/sao/Kriminallitteratur</marc:subfield>
            <marc:subfield code="2">sao</marc:subfield>
        </marc:datafield>
        <marc:datafield tag="650" ind1=" " ind2="7">
            <marc:subfield code="a">Deckare</marc:subfield>
            <marc:subfield code="x">historia</marc:subfield>
            <marc:subfield code="2">sao</marc:subfield>
        </marc:datafield>
        <marc:datafield tag="650" ind1=" " ind2="4">
            <marc:subfield code="a">Historie</marc:subfield>
        </marc:datafield>
        <marc:datafield tag="650" ind1=" " ind2="4">
            <marc:subfield code="a">Kritikk</marc:subfield>
        </marc:datafield>
        <marc:datafield tag="655" ind1=" " ind2="7">
            <marc:subfield code="a">Analys och tolkning</marc:subfield>
            <marc:subfield code="0">https://id.kb.se/term/saogf/Analys%20och%20tolkning</marc:subfield>
            <marc:subfield code="2">saogf</marc:subfield>
        </marc:datafield>
    </marc:record>