
    <marc:record>
        <marc:leader>06821cam a22004333a 4500</marc:leader>
        <marc:controlfield tag="001">13898587</marc:controlfield>
        <marc:controlfield tag="003">SE-LIBR</marc:controlfield>
        <marc:controlfield tag="005">20131007145732.0</marc:controlfield>
        <marc:controlfield tag="007">cr |||   |||||         </marc:controlfield>
        <marc:controlfield tag="008">130212s2012    xxk|||||o|||||000 0|eng|c</marc:controlfield>
        <marc:datafield tag="020" ind1=" " ind2=" ">
            <marc:subfield code="a">9780230363502</marc:subfield>
            <marc:subfield code="c">£66.00</marc:subfield>
        </marc:datafield>
        <marc:datafield tag="020" ind1=" " ind2=" ">
            <marc:subfield code="a">0230363504</marc:subfield>
            <marc:subfield code="c">£66.00</marc:subfield>
        </marc:datafield>
        <marc:datafield tag="020" ind1=" " ind2=" ">
            <marc:subfield code="z">9780230361447 (Print)</marc:subfield>
        </marc:datafield>
        <marc:datafield tag="035" ind1=" " ind2=" ">
            <marc:subfield code="5">Mdhd</marc:subfield>
            <marc:subfield code="a">(ALMA)991001060014803211</marc:subfield>
        </marc:datafield>
        <marc:datafield tag="035" ind1=" " ind2=" ">
            <marc:subfield code="5">Shad</marc:subfield>
            <marc:subfield code="a">(ALMA)991001454856406056</marc:subfield>
        </marc:datafield>
        <marc:datafield tag="040" ind1=" " ind2=" ">
            <marc:subfield code="a">UK-WkNB</marc:subfield>
            <marc:subfield code="b">eng</marc:subfield>
            <marc:subfield code="c">UK-WkNB</marc:subfield>
            <marc:subfield code="d">LTUe</marc:subfield>
            <marc:subfield code="e">a</marc:subfield>
        </marc:datafield>
        <marc:datafield tag="041" ind1=" " ind2=" ">
            <marc:subfield code="a">eng</marc:subfield>
        </marc:datafield>
        <marc:datafield tag="082" ind1="0" ind2="4">
            <marc:subfield code="a">839.53087209</marc:subfield>
            <marc:subfield code="2">22</marc:subfield>
        </marc:datafield>
        <marc:datafield tag="100" ind1="1" ind2=" ">
            <marc:subfield code="a">Forshaw, Barry</marc:subfield>
            <marc:subfield code="4">aut</marc:subfield>
            <marc:subfield code="0">https://libris.kb.se/b8nrzv7v5hlfm2r#it</marc:subfield>
        </marc:datafield>
        <marc:datafield tag="245" ind1="1" ind2="0">
            <marc:subfield code="a">Death in a cold climate</marc:subfield>
            <marc:subfield code="h">[Elektronisk resurs]</marc:subfield>
            <marc:subfield code="b">A guide to Scandinavian crime fiction /</marc:subfield>
            <marc:subfield code="c">Barry Forshaw.</marc:subfield>
        </marc:datafield>
        <marc:datafield tag="264" ind1=" " ind2="1">
            <marc:subfield code="a">Basingstoke :</marc:subfield>
            <marc:subfield code="b">Palgrave Macmillan,</marc:subfield>
            <marc:subfield code="c">2012</marc:subfield>
        </marc:datafield>
        <marc:datafield tag="300" ind1=" " ind2=" ">
            <marc:subfield code="a">224 p.</marc:subfield>
        </marc:datafield>
        <marc:datafield tag="500" ind1=" " ind2=" ">
            <marc:subfield code="a">Electronic book text.</marc:subfield>
        </marc:datafield>
        <marc:datafield tag="500" ind1=" " ind2=" ">
            <marc:subfield code="a">Epublication based on: 9780230361447.</marc:subfield>
        </marc:datafield>
        <marc:datafield tag="505" ind1="8" ind2=" ">
            <marc:subfield code="a">Acknowledgments Introduction Crime and the Left The Cracks Appear: Henning Mankell Sweden: The Dream Darkens Sweden: Foreign Policy and Unreliable Narratives Last Orders: The Larsson Phenomenon The Fight Back: Anti-Larsson Writers  Criminals and Criminologists Norway: Crime and Context Norway and Nesbo  Iceland: Crime and Context Fringe Benefits: Icelandic Woes Finland: Crime and Context Death in Denmark Danish Uncertainties Film and TV Adaptations Bibliography Index.</marc:subfield>
        </marc:datafield>
        <marc:datafield tag="516" ind1=" " ind2=" ">
            <marc:subfield code="a">Document</marc:subfield>
        </marc:datafield>
        <marc:datafield tag="520" ind1=" " ind2=" ">
            <marc:subfield code="a">Barry Forshaw, the UK's principal crime fiction expert, presents a celebration and analysis of the Scandinavian crime genre; from Sjowall and Wahloo's Martin Beck series, through Henning Mankell's Wallander, to Stieg Larsson's demolition of the Swedish Social Democratic ideal in the publishing phenomenon The Girl with the Dragon Tattoo.</marc:subfield>
            <marc:subfield code="b">Death in a Cold Climate is a celebration and analysis of Scandinavian crime fiction, one of the most successful literary genres. Barry Forshaw, the UK's principal expert on crime fiction, discusses books, films and TV adaptations, from Sjowall and Wahloo's influential Martin Beck series through Henning Mankell's Wallander to Stieg Larsson's demolition of the Swedish Social Democratic ideal in the publishing phenomenon The Girl with the Dragon Tattoo. In intelligent but accessible fashion, the book examines the massive commercial appeal of the field along with Nordic cultural differences from Iceland to Denmark. Including unique interview material with writers, publishers and translators, this is the perfect reader's guide to the hottest strand of crime fiction today, examined both as a literary form and as an index to the societies it reflects.  Includes Stieg Larsson, Henning Mankell, Jo Nesbo, Hakan Nesser, Karin Fossum, Camilla Lackberg, Liza Marklund, Jussi Adler-Olsen, Arnaldur Indrioason, Roslund &amp; Hellstromand many others.</marc:subfield>
        </marc:datafield>
        <marc:datafield tag="520" ind1="1" ind2=" ">
            <marc:subfield code="a">'Extensive, penetrating and intelligently written, Barry Forshaw's book is the most fulfilling work on the strange genre of Nordic Noir I have ever encountered.' - Hakan Nesser, author of The Inspector and Silence 'Death in a Cold Climate is a comprehensive and authoritative guide to the fictional underbelly of the Nordic psyche, whose popularity has become the publishing sensation of the century. Perceptive, witty and awesomely well-researched.' - Andrew Taylor, author of The American Boy 'Far more than a checklist, this is the essential guide through the snowdrifts of Nordic Noir.' Val McDermid, author of The Wire in the Blood 'With customary depth and precision, Forshaw gets under the skin of this celebrated genre, uncovering many of its secrets and riches. Like its subjects, this book is hard to put down, and will undoubtedly be returned to time and again.' - Dr Steven Peacock, University of Hertfordshire, UK 'A fascinating, comprehensive and very enjoyable overview of the publishing phenomenon that is Nordic noir, placing it in a cultural and historical context, with insightful contributions from writers, translators and editors - an essential reading guide for lovers of the crime genre.' - Laura Wilson, crime fiction critic, The Guardian 'The sudden triumphant rise of Nordic mystery stories is a fascinating puzzle of modern literature. With forensic intelligence, captivating characters, riveting clues and sub-plots, Barry Forshaw investigates and satisfyingly explains what happened.' - Mark Lawson 'Not a stone is left unturned in Barry Forshaw's witty, encyclopedic investigation into the fictional crimes that have made Scandinavia the most talked about region in the world of books. Death in a Cold Climate is a unique and admirable personal testament to the writers, translators and publishers who have dedicated themselves to introducing Scandinavian crime fiction, its many languages and cultures, to the English speaking world. If upon turning the last page of Forshaw's book you are not immediately heading for the nearest bookstore to buy up every Scandinavian crime novel on its shelves, you were probably not meant to read this book in the first place.' - Jakob Stougaard-Nielsen, University College London, UK.</marc:subfield>
        </marc:datafield>
        <marc:datafield tag="538" ind1=" " ind2=" ">
            <marc:subfield code="a">PDF.</marc:subfield>
        </marc:datafield>
        <marc:datafield tag="545" ind1="0" ind2=" ">
            <marc:subfield code="a">BARRY FORSHAWis a writer and journalist specialising in crime fiction and cinema. His books include The Man Who Left Too Soon: The Life and Works of Stieg Larsson (2010), British Crime Writing: An Encyclopedia (2008), The Rough Guide to Crime Fiction (2007), Italian Cinema: Arthouse to Exploitation (2006) and the forthcoming British Crime Film (2012), and he has contributed to the Directory of World Cinema. He has also written for a variety of national newspapers as well as for Movie Mail, Waterstone's Books Quarterly and Good Book Guide and is editor of the online Crime Time magazine. He is also a talking head for the ITV Crime Thriller author profiles and BBC TV documentaries, and has been Vice Chair of the Crime Writers' Association.</marc:subfield>
        </marc:datafield>
        <marc:datafield tag="599" ind1=" " ind2=" ">
            <marc:subfield code="5">Mdhd</marc:subfield>
            <marc:subfield code="a">ALMA</marc:subfield>
        </marc:datafield>
        <marc:datafield tag="599" ind1=" " ind2=" ">
            <marc:subfield code="5">Shad</marc:subfield>
            <marc:subfield code="a">ALMA</marc:subfield>
        </marc:datafield>
        <marc:datafield tag="650" ind1=" " ind2="0">
            <marc:subfield code="a">Detective and mystery stories, Scandinavian</marc:subfield>
            <marc:subfield code="x">History and criticism.</marc:subfield>
        </marc:datafield>
        <marc:datafield tag="650" ind1=" " ind2="7">
            <marc:subfield code="a">Literature.</marc:subfield>
            <marc:subfield code="2">eflch</marc:subfield>
        </marc:datafield>
        <marc:datafield tag="650" ind1=" " ind2="7">
            <marc:subfield code="a">Literary studies: fiction, novelists &amp; prose writers</marc:subfield>
            <marc:subfield code="x">Scandinavian languages.</marc:subfield>
            <marc:subfield code="2">bicssc</marc:subfield>
        </marc:datafield>
        <marc:datafield tag="650" ind1=" " ind2="7">
            <marc:subfield code="a">Literary studies: general</marc:subfield>
            <marc:subfield code="x">Scandinavian languages.</marc:subfield>
            <marc:subfield code="2">bicssc</marc:subfield>
        </marc:datafield>
        <marc:datafield tag="776" ind1="0" ind2="8">
            <marc:subfield code="i">Print version:</marc:subfield>
            <marc:subfield code="t">Death in a cold climate</marc:subfield>
            <marc:subfield code="z">9780230361447</marc:subfield>
            <marc:subfield code="z">9780230303690</marc:subfield>
            <marc:subfield code="w">12458785</marc:subfield>
        </marc:datafield>
        <marc:datafield tag="856" ind1="4" ind2="0">
            <marc:subfield code="5">Mdhd</marc:subfield>
            <marc:subfield code="u">https://mdh.primo.exlibrisgroup.com/openurl/46MH_INST/46MH_INST:46MH_V1?u.ignore_date_coverage=true&amp;rft.mms_id=991001060014803211</marc:subfield>
            <marc:subfield code="z">Tillgänglig för användare inom Mälardalens högskola</marc:subfield>
            <marc:subfield code="z">fulltext</marc:subfield>
            <marc:subfield code="z">Ebook Central Perpetual, DDA and Subscription Titles</marc:subfield>
        </marc:datafield>
        <marc:datafield tag="856" ind1="4" ind2="0">
            <marc:subfield code="5">Shad</marc:subfield>
            <marc:subfield code="u">https://hhs.primo.exlibrisgroup.com/openurl/46SSOE_INST/46SSOE_INST:46SSOE_view?u.ignore_date_coverage=true&amp;rft.mms_id=991001454856406056</marc:subfield>
            <marc:subfield code="z">Online access for Handelshögskolan i Stockholm</marc:subfield>
            <marc:subfield code="z">fulltext</marc:subfield>
            <marc:subfield code="z">SpringerNature Palgrave Literature Collection 2012</marc:subfield>
        </marc:datafield>
    </marc:record>