
    <marc:record>
        <marc:leader>02323cim a22003013a 4500</marc:leader>
        <marc:controlfield tag="001">22656504</marc:controlfield>
        <marc:controlfield tag="003">SE-LIBR</marc:controlfield>
        <marc:controlfield tag="005">20180926151229.0</marc:controlfield>
        <marc:controlfield tag="007">s| |||||||||||         </marc:controlfield>
        <marc:controlfield tag="007">cr |||   |||||         </marc:controlfield>
        <marc:controlfield tag="008">180504s2018    sw | |||o||||||f  | swe|d</marc:controlfield>
        <marc:datafield tag="020" ind1=" " ind2=" ">
            <marc:subfield code="a">9789177490371</marc:subfield>
        </marc:datafield>
        <marc:datafield tag="024" ind1="7" ind2=" ">
            <marc:subfield code="5">Elib</marc:subfield>
            <marc:subfield code="a">1071005</marc:subfield>
            <marc:subfield code="2">Distributör: Elib</marc:subfield>
        </marc:datafield>
        <marc:datafield tag="035" ind1=" " ind2=" ">
            <marc:subfield code="a">Elib1071005</marc:subfield>
        </marc:datafield>
        <marc:datafield tag="040" ind1=" " ind2=" ">
            <marc:subfield code="e">a</marc:subfield>
        </marc:datafield>
        <marc:datafield tag="041" ind1=" " ind2=" ">
            <marc:subfield code="a">swe</marc:subfield>
        </marc:datafield>
        <marc:datafield tag="072" ind1=" " ind2="7">
            <marc:subfield code="a">FF</marc:subfield>
            <marc:subfield code="2">bicssc</marc:subfield>
        </marc:datafield>
        <marc:datafield tag="100" ind1="1" ind2=" ">
            <marc:subfield code="a">Riel, Ane</marc:subfield>
            <marc:subfield code="4">aut</marc:subfield>
        </marc:datafield>
        <marc:datafield tag="245" ind1="1" ind2="0">
            <marc:subfield code="a">Kåda</marc:subfield>
            <marc:subfield code="h">[Elektronisk resurs]</marc:subfield>
        </marc:datafield>
        <marc:datafield tag="264" ind1=" " ind2="1">
            <marc:subfield code="c">2018</marc:subfield>
        </marc:datafield>
        <marc:datafield tag="264" ind1=" " ind2="1">
            <marc:subfield code="b">Modern Audio AB</marc:subfield>
        </marc:datafield>
        <marc:datafield tag="520" ind1=" " ind2=" ">
            <marc:subfield code="a">Det är inte alltid så lätt för Liv att förstå sin omvärld. Då är det tur att hon har en pappa som Jens, som är så duktig på att förklara allting: Varför mamma blivit så stor att hon inte kan lämna sovrummet, varför man inte ska gå i skolan. Och framför allt varför man måste döda farmor. Kåda är en mångbottnad spänningsroman, som kommit att älskas av såväl kritiker som läsare. Det är samtidigt en roman om lojalitet och om rädslan för att förlora det man har. Ane Riel berättar genom flera röster om en familj i sönderfall och om tragedin som fått livet att börja krackelera. ANE RIEL är en dansk författare som har höjts till skyarna för sin andra roman, Kåda [Harpiks]. Boken vann Glasnyckeln 2016 för »Nordens bästa spänningsroman«. Innan dess tilldelades den även Harald Mogensen-priset för »Bästa danska spänningsroman« och hamnade på andra plats vid Dansk Radios Romanpris 2016. »Ane Riel skildrar Liv och hennes känslor på ett mästerligt sätt. Romanen ger också en trovärdig skildring av människor som sakta driver mot galenskapens avgrund. Här har Riel mycket gemensamt med Karin Fossum. Den mörka och råa skildringen av en familj på gränsen gör det också naturligt att dra paralleller till Gillian Flynn.« | Verdens Gang »En anmärkningsvärd roman. Fängslande och vacker i all sin fasa. En av de danska romaner jag läst med störst njutning på länge.« | Weekendavisen [Elib]</marc:subfield>
        </marc:datafield>
        <marc:datafield tag="599" ind1=" " ind2=" ">
            <marc:subfield code="a">Ändrad av Elib 2018-05-04</marc:subfield>
        </marc:datafield>
        <marc:datafield tag="655" ind1=" " ind2="7">
            <marc:subfield code="a">Ljudböcker</marc:subfield>
            <marc:subfield code="0">https://id.kb.se/term/saogf/Ljudb%C3%B6cker</marc:subfield>
            <marc:subfield code="2">saogf</marc:subfield>
        </marc:datafield>
        <marc:datafield tag="655" ind1=" " ind2="4">
            <marc:subfield code="a">Deckare &amp; spänning</marc:subfield>
        </marc:datafield>
        <marc:datafield tag="700" ind1="1" ind2=" ">
            <marc:subfield code="a">Sundh, Lars</marc:subfield>
            <marc:subfield code="4">oth</marc:subfield>
        </marc:datafield>
        <marc:datafield tag="700" ind1="1" ind2=" ">
            <marc:subfield code="a">Andersson, Kerstin</marc:subfield>
            <marc:subfield code="4">nrt</marc:subfield>
        </marc:datafield>
        <marc:datafield tag="700" ind1="1" ind2=" ">
            <marc:subfield code="a">Ridelberg, Helena,</marc:subfield>
            <marc:subfield code="d">1957-</marc:subfield>
            <marc:subfield code="4">trl</marc:subfield>
            <marc:subfield code="0">https://libris.kb.se/31fhh2km2sx02dz#it</marc:subfield>
        </marc:datafield>
    </marc:record>